3014 5032
616 342 827 398 DOMINICA

380 450 424 505 15
1028 455 1071 510 16

103 565 175 696 ln
203 561 259 624 illa
285 522 339 622 die
368 554 539 621 stillabunt
570 566 703 622 montes
750 557 860 623 lantur
874 561 1002 624 eminus
1016 562 1162 628 somnia:
1178 563 1224 628 ab
1239 565 1353 632 ethere

153 649 380 714 dulcedinem:
412 654 445 708 et
473 646 571 710 colles
598 646 701 710 fluent
752 647 901 712 Christus
932 651 1101 731 promicat.
1147 652 1252 717 Mens
1280 653 1350 737 jam

104 740 204 802 lacet
226 737 299 802 mel.
344 733 496 799 Alleluia.
534 744 584 816 ῥεῖ
631 736 701 799 Do·
751 746 899 818 resurgat
914 739 1066 821 torpida:
1096 761 1162 823 que
1177 743 1277 806 sorde
1293 765 1350 808 ex·

103 828 212 890 minus
258 824 413 907 regnavit.
469 823 535 886 Ari.
580 823 702 905 Jocun-
751 834 801 888 tat
824 827 959 890 saucia:
990 828 1092 908 sydus
1115 829 1259 912 refulget
1279 831 1349 913 jam

103 917 182 978 dare
198 915 264 977 filia
279 934 361 996 syon
376 934 387 980 ε,
406 912 523 976 exulta
538 913 617 975 satis
634 912 701 975 filia
751 932 895 978 novum:
919 924 956 978 ut
971 916 1067 979 tollat
1083 938 1182 982 omne
1198 920 1349 984 noxium.

103 1003 306 1067 hierusalem.
341 1000 496 1064 Alleluia.
522 1009 573 1081 pt.
606 1001 700 1082 Jubi-
749 1002 784 1063 E
799 1022 927 1065 sursum
940 1024 1045 1085 agnus
1056 1005 1217 1071 mittitur:
1234 1007 1354 1073 laxare·

104 1093 179 1155 late.
223 1092 290 1154 Ari.
319 1090 404 1153 Ecce
421 1089 574 1152 dominus
589 1090 699 1152 veniet
748 1092 850 1171 gratis
874 1091 1046 1156 debitum:
1069 1114 1184 1157 omnes
1211 1115 1274 1177 pro
1302 1097 1350 1160 in-

103 1190 256 1244 etomnes
266 1178 369 1242 sancti
380 1178 450 1259 ejus
461 1197 535 1241 cum
546 1197 586 1239 eo
595 1186 628 1239 et
638 1177 699 1239 erit
748 1178 937 1259 dulgentia:
973 1201 1089 1245 vocem
1122 1182 1242 1246 demus
1272 1205 1349 1250 cum

103 1269 137 1331 in
152 1270 205 1332 die
221 1268 278 1331 illa
293 1267 352 1330 lux
366 1286 494 1347 magna.
540 1264 696 1328 Alleluia.
748 1266 933 1348 lachrymis.
994 1269 1152 1333 Secundo
1192 1280 1230 1334 ut
1272 1293 1349 1338 cum

94 1367 145 1439 ῥεῖ
193 1359 285 1420 Deus
323 1356 402 1418 deus
440 1373 541 1416 meus
586 1363 617 1415 et
644 1363 697 1434 ps.
748 1354 892 1420 fulserit:
949 1357 1176 1441 mundumque
1233 1360 1350 1426 horror

104 1447 196 1509 Deus
212 1445 403 1507 misereatur
419 1443 478 1505 sub
500 1462 562 1503 uno
586 1440 697 1505 Gloria
748 1443 910 1508 cinxerit:
934 1465 999 1508 non
1016 1467 1076 1528 pro
1092 1457 1184 1510 reatu
1208 1450 1349 1529 puniat:

103 1535 197 1616 patri.
236 1541 423 1615 portatum
448 1550 571 1592 annrrm
596 1530 698 1592 obser·
748 1532 806 1594 sed
820 1534 892 1614 pius
905 1553 965 1596 nos
977 1543 1056 1598 tunc
1068 1544 1230 1617 protegat.
1258 1538 1350 1603 Laus

102 1619 333 1702 veturqnando
347 1619 458 1683 Gloria
470 1618 555 1700 patri
567 1617 696 1682 dicitur.
747 1619 860 1684 honor.
914 1638 938 1706 p
984 1623 1063 1686 Vox
1103 1623 1280 1689 clamantis
1318 1628 1350 1692 in

101 1711 167 1773 An.
192 1709 319 1775 Omnes
345 1708 493 1770 sitientes
519 1707 628 1769 venite
655 1707 697 1770 ad
747 1709 897 1773 deserto:
931 1711 1049 1773 Parate
1080 1711 1168 1774 viam
1199 1713 1353 1780 domini:

101 1819 224 1880 aquas:
258 1796 385 1879 querite
410 1796 581 1858 dominum
617 1796 697 1858 dum
748 1806 853 1860 rectas
874 1798 973 1862 facite
995 1799 1129 1862 semitas
1154 1801 1208 1864 dei
1234 1799 1359 1869 nostri.

101 1887 237 1949 inveniri
282 1893 400 1967 potest.
446 1882 599 1947 Alleluia.
646 1893 696 1965 pi.
746 1885 810 1948 Et¹
828 1887 981 1968 Hymnus
1007 1887 1068 1950 istc
1090 1909 1162 1951 cum
1192 1892 1349 1956 versiculo

101 1975 299 2038 Benedicite.
365 1973 415 2034 Et
461 1971 583 2034 dicitur
629 1972 700 2034 sine
745 1973 876 2037 dicatur
901 1975 935 2037 in
959 1975 1112 2039 laudibus
1136 1977 1176 2040 dc
1203 1980 1347 2045 adventu

101 2063 214 2126 Gloria
244 2063 328 2145 patri
352 2073 414 2143 por
442 2070 543 2123 totum
572 2081 696 2123 annrrm
746 2083 845 2144 usque
872 2062 921 2127 ad
954 2064 1159 2128 nativitatem
1196 2067 1351 2133 domini:

99 2152 226 2233 quando
255 2149 378 2213 dicitur
402 2148 576 2230 antiphona
609 2149 697 2212 Ecce
746 2151 814 2212 nisi
825 2151 859 2214 in
869 2151 987 2232 virgilio
999 2153 1187 2218 nativitatis
1197 2155 1348 2222 domini:

98 2241 209 2303 veniet
225 2238 385 2322 propheta
401 2257 559 2318 magnus:
576 2237 696 2319 etipse
745 2239 803 2302 ubi
830 2240 952 2303 dicitur
978 2241 1132 2322 proprius
1160 2244 1346 2312 versiculus.

99 2329 270 2392 renovabit
291 2326 495 2389 hierusalem.
540 2324 694 2389 Alleluia.
744 2329 787 2389 In
807 2328 968 2410 evangelio
990 2339 1041 2393 ari.
1068 2330 1346 2412 Spiritussanctus

91 2427 142 2498 ps.
182 2417 342 2480 Laudate.
373 2423 423 2496 ps.
462 2413 612 2478 Cantate.
643 2423 694 2494 ps.
745 2416 778 2478 in
792 2425 825 2479 te
835 2417 1014 2481 descendet
1026 2420 1148 2482 maria:
1171 2440 1214 2483 ne
1225 2423 1346 2487 timeas

100 2506 251 2568 Laudate
263 2503 434 2567 dominum
451 2502 484 2564 in
500 2501 621 2564 sanctis
636 2502 695 2564 sub
745 2504 870 2568 habens
886 2506 918 2568 in
935 2515 1028 2569 utero
1043 2507 1147 2570 filium
1164 2509 1226 2573 dei.
1267 2511 1345 2575 alle-

99 2615 162 2656 vno
200 2593 312 2657 Gloria
349 2591 442 2674 patri.
488 2589 542 2653 Hi
569 2590 697 2670 psalmi
744 2592 818 2656 luia.
866 2603 917 2674 ps.
963 2595 1168 2660 Benedictus
1229 2597 1346 2664 Orato‘o

94 2682 231 2763 predicti
243 2680 370 2744 dicendi
382 2688 460 2742 sunt
486 2678 521 2741 in
543 2678 695 2742 laudibus
745 2682 867 2745 Excita
904 2682 1047 2747 domine.
1103 2685 1271 2750 Memoria
1307 2689 1346 2752 dc

89 2781 153 2852 per
175 2780 276 2834 totum
301 2790 449 2833 annum:
473 2767 542 2830 sive
565 2766 697 2830 dicatur
742 2779 855 2833 sancta
880 2771 999 2836 maria.
1043 2772 1110 2836 Ari.
1135 2772 1212 2837 Ave
1239 2778 1344 2841 maria

96 2861 138 2922 dc
172 2858 360 2942 temporali:
396 2857 466 2921 siva
500 2857 539 2918 de
574 2859 694 2919 sanctis
743 2859 850 2940 gratia
879 2859 985 2940 plena.
1045 2861 1199 2925 dominus
1230 2873 1342 2930 tecum

88 2958 294 3031 preterquam
327 2947 361 3010 in
392 2944 563 3009 dominicis
583 2966 605 3007 a
626 2957 693 3027 sep-
743 2946 918 3010 benedicta
929 2957 966 3010 tu
979 2949 1011 3010 in
1025 2949 1223 3016 mulieribus.
1247 2951 1347 3018 Alla-

97 3039 278 3119 tnagesima
324 3056 423 3116 usqne
466 3034 515 3097 ad
547 3033 693 3114 pascua:
743 3034 817 3099 luia.
889 3055 912 3122 y
972 3037 1172 3118 Egredietur
1239 3040 1342 3125 virga.

96 3127 224 3207 quando
249 3126 288 3187 de
314 3122 480 3204 temporali
502 3121 638 3202 agitur:
664 3131 695 3183 et
745 3123 867 3188 Oratio.
923 3125 1015 3188 Deus
1060 3127 1116 3208 qui
1154 3128 1196 3191 de
1234 3129 1342 3196 beate.

96 3213 202 3276 tribus
246 3212 357 3275 diebus
405 3209 568 3291 proximis
619 3219 695 3272 ante
742 3212 804 3273 Ad
808 3212 957 3293 primam
971 3213 1117 3294 hymnus.
1161 3217 1234 3280 Iam
1251 3217 1342 3285 lucis.

88 3301 211 3381 pasclra
221 3323 232 3363 .·
249 3296 441 3378 &inferiis
455 3295 693 3378 qnandoseria-
742 3299 807 3362 Aa.
839 3301 878 3363 In
904 3301 967 3364 illa
985 3303 1047 3366 die.
1064 3313 1114 3384 ps.
1140 3305 1233 3368 Deus
1258 3308 1343 3373 deus

93 3389 173 3452 liter
196 3389 311 3471 agitur
321 3410 333 3451 .·
359 3394 450 3448 extra
475 3394 596 3466 tempus
614 3395 693 3466 pas·
744 3408 836 3450 meus
853 3390 985 3471 respice.
995 3401 1045 3473 pi.
1064 3393 1229 3457 Dominus
1245 3397 1341 3480 regit

94 3478 190 3541 ciale.
343 3477 347 3485 '
497 3470 691 3554 Capitulum.
745 3475 857 3540 Gloria
892 3479 987 3559 patri.
1025 3489 1075 3560 ῥεῖ
1114 3481 1252 3546 Domini
1291 3495 1342 3550 est

96 3568 247 3699 Hora
265 3572 316 3626 est
336 3561 405 3645 jam
428 3581 488 3624 nos
510 3561 553 3623 de
574 3582 693 3625 somno
742 3574 836 3628 terra.
874 3575 924 3646 ῥε.
948 3565 1005 3629 Ad
1022 3577 1055 3630 te
1070 3568 1205 3633 domine
1223 3571 1342 3640 levavi.

190 3673 341 3735 surgere:
359 3671 445 3714 nunc
461 3650 550 3713 enim
566 3651 693 3733 propri·
744 3652 856 3717 Gloria
870 3655 964 3735 patri.
995 3665 1045 3736 ῥε.
1068 3656 1187 3738 Judica
1203 3680 1265 3725 me.
1290 3673 1341 3744 pi.

94 3765 131 3807 or
161 3753 211 3806 est
238 3750 350 3804 nostra
375 3739 463 3803 salus
490 3759 589 3820 quam
617 3759 692 3802 cum
743 3743 835 3806 Deus
861 3742 893 3804 in
919 3745 1059 3807 nomine.
1107 3745 1220 3811 Gloria
1243 3753 1340 3831 patri

94 3832 313 3896 credidimus:
330 3849 399 3891 nox
422 3829 596 3910 precessit:
620 3829 691 3890 dies
738 3840 784 3911 ῥεῖ
824 3830 1046 3896 Confitemini.
1107 3833 1227 3900 Gloria
1288 3849 1340 3921 ῥεῖ

94 3931 205 3984 autem
266 3917 551 4000 appropinquabit.
615 3917 690 3980 Deo
742 3919 835 3982 Beati
852 3919 1062 3985 immaculati.
1110 3921 1224 3987 Gloria
1243 3929 1339 4008 patri.

93 4010 224 4092 gratias.
251 4007 323 4070 Hoc
336 4005 510 4088 capitulum
522 4003 689 4068 dicitnrin
734 4016 784 4088 ps.
841 4008 1008 4072 Retribue.
1081 4009 1192 4075 Gloria
1244 4017 1339 4097 patri.

91 4097 244 4160 laudibus
257 4096 368 4159 diebus
377 4093 547 4157 dominicis
561 4103 689 4156 tantum
746 4096 836 4159 Tunc
894 4096 1069 4178 antiplona
1125 4110 1340 4180 percantatur.

92 4208 163 4249 cum
175 4185 363 4249 deadveutu
379 4184 499 4266 agitur.
529 4182 689 4262 Hymnus.
743 4183 824 4249 Cum
849 4183 922 4247 istis
944 4186 1085 4268 psalmis
1107 4189 1265 4268 predictis
1287 4193 1339 4256 di·

101 4278 176 4407 V
180 4296 226 4337 ox
250 4274 336 4336 clara
359 4293 434 4335 ecce
458 4271 608 4334 intonat:
632 4271 690 4334 ob·
740 4283 834 4335 catur
848 4273 961 4354 prima
987 4275 1021 4336 in
1045 4277 1136 4339 omni
1153 4278 1316 4345 dominica
1328 4305 1340 4346 .·

175 4383 269 4427 scura
290 4381 418 4445 queque
440 4360 605 4442 increpat:
621 4359 690 4441 pel·
739 4362 867 4442 qnando
882 4371 1055 4426 nocturnus
1073 4364 1195 4428 dr'er'tur
1208 4368 1257 4431 ad
1269 4390 1344 4434 ma·

606 4547 613 4576 ¹
634 4545 678 4594 ‘Et
692 4545 698 4567 ’
710 4562 756 4594 om.
769 4561 777 4594 .·
797 4546 826 4595 G.
