3014 5032
717 319 927 374 DOMINICA

486 430 510 484 3
1142 431 1166 480 4

208 537 363 602 memoria
385 545 513 599 tantum
525 557 538 597 .·
567 532 697 616 exceptu
718 543 802 596 octa·
849 555 986 616 vespere
1003 534 1052 597 uti
1073 555 1213 617 sponsus
1236 533 1279 598 de
1299 531 1450 597 thalamo

209 629 262 691 uis
289 626 396 689 suncti
414 625 568 687 Andree:
598 623 692 703 infra
721 643 803 704 quas
851 644 1002 705 egressus
1043 623 1276 686 honestissima
1312 622 1451 704 virginis

209 716 304 779 certis
318 713 429 777 diens
450 713 543 793 infra
564 713 737 775 adventum
752 710 803 773 di·
852 713 967 775 matris
978 711 1132 781 clausula.
1181 711 1285 792 Cujus
1296 709 1373 774 forti
1389 731 1450 792 po-

209 814 298 866 cetur
307 804 346 865 de
359 823 391 864 ro
403 824 415 863 .·
438 812 476 863 ut
482 810 574 882 patet
584 801 618 864 in
635 799 744 882 regula
759 797 807 861 ad
850 801 955 863 tentie
989 821 1076 882 genu
1115 809 1291 863 curvantur
1335 798 1451 861 omnia

210 893 280 973 esus
295 890 428 970 festum.
482 889 547 951 Et¹
564 889 653 971 festo
682 897 805 950 sancto·
851 889 985 952 celestia
1013 889 1178 952 terrestria
1198 897 1280 951 nutu
1304 887 1451 950 fatentur

210 1001 284 1042 nuru
303 977 450 1043 an‘santi
464 978 498 1039 ἂν
520 977 646 1040 Darie:
668 977 805 1058 nfesta
853 977 996 1040 subdita.
1052 978 1099 1040 Te
1129 977 1344 1059 deprecamur
1373 976 1449 1056 agie

208 1068 314 1130 suncti
336 1066 515 1129 Saturnini
536 1076 746 1145 martyrum:
774 1063 806 1127 si
851 1075 989 1129 venture
1017 1065 1124 1146 judex
1158 1064 1258 1129 seculi
1284 1084 1450 1129 conserva

210 1157 304 1236 infru
318 1156 492 1217 adventum
508 1155 675 1216 evenerint.

212 1250 244 1323 εἷ
266 1244 457 1306 Notandum
472 1242 559 1324 quod
578 1242 671 1322 infra
684 1240 804 1303 adven-

211 1343 280 1396 tunz
296 1332 422 1394 domini
434 1331 558 1393 dicetur
580 1331 620 1392 de
632 1329 782 1410 apostolus
791 1351 804 1391 :

211 1423 250 1483 de
270 1430 381 1484 sancto
400 1420 538 1482 wilelmo
551 1441 563 1479 .·
586 1418 675 1480 etde
701 1417 804 1479 domi-

211 1531 277 1573 na:
299 1518 338 1570 ut
351 1517 484 1570 notatur
505 1507 598 1586 iru‘ra
618 1507 652 1568 in
674 1504 804 1567 rubrica

204 1606 280 1679 pust
311 1596 482 1659 historiam
518 1595 662 1657 Domine
700 1615 742 1656 ne
771 1595 805 1656 in

210 1685 280 1748 ira.2

211 1779 243 1852 (Ι
269 1771 357 1836 Ordo
380 1770 476 1853 officii
501 1770 535 1832 in
558 1770 673 1851 prima
702 1770 805 1833 dumi-

209 1863 281 1924 nr'cu
302 1859 459 1922 aduentus
479 1859 611 1922 donnini.
662 1859 724 1921 Ad
738 1880 805 1921 ues-

201 1961 308 2031 peras.
325 1957 376 2010 an.
401 1947 607 2011 Benedictus,
622 1957 672 2028 pi.
691 1948 804 2029 Ipsum

854 1174 913 1216 nos
929 1155 962 1215 in
975 1162 1125 1236 tempore
1139 1153 1243 1216 hostis
1255 1174 1275 1216 a
1290 1154 1359 1216 telo
1375 1172 1450 1233 per-

853 1242 919 1306 fidi.
964 1242 1056 1305 Laus
1082 1242 1188 1305 honor
1210 1243 1313 1305 virtus
1343 1241 1451 1323 gloria

853 1332 917 1394 deo
940 1331 1026 1412 patri
1051 1330 1080 1393 &
1107 1330 1176 1393 filio
1205 1339 1320 1393 sancto
1350 1327 1449 1391 simul

853 1418 1014 1501 paraclito
1037 1420 1070 1481 in
1101 1420 1303 1501 sempiterna
1328 1417 1448 1481 secula

853 1507 974 1570 Amen.
1019 1508 1173 1587 Hymnus
1189 1508 1250 1570 iste
1261 1527 1332 1569 cum
1348 1506 1451 1568 versi-

853 1596 922 1658 culo
943 1607 1087 1678 sequente
1107 1597 1155 1658 ad
1176 1616 1283 1659 omnes
1304 1605 1451 1675 vesperas

853 1685 894 1747 de
921 1685 1060 1746 adunztu
1097 1705 1196 1766 usque
1222 1683 1271 1747 ad
1296 1683 1450 1765 uigiliam

854 1773 1043 1836 nativitatis
1080 1773 1207 1836 domini
1240 1772 1391 1835 dicutur.⁵
1422 1771 1450 1847 Ῡ

856 1862 983 1924 Rorate
1008 1860 1070 1923 celi
1094 1862 1243 1943 desuper.
1283 1862 1328 1924 Et
1344 1859 1450 1923 nubes

855 1950 972 2032 pluant
995 1949 1144 2031 justum:
1173 1949 1338 2032 aperiatur
1362 1957 1451 2012 terra

209 2048 308 2101 cetera
332 2047 370 2098 nt
394 2038 429 2098 in
451 2036 616 2116 psalteria.
668 2036 710 2098 In
738 2057 805 2098 ues-

201 2126 293 2207 perz's
308 2126 346 2187 de
357 2125 469 2202 ferin.³
613 2121 804 2205 Capitulum.

287 2215 375 2277 enite
398 2211 614 2275 ascendamus
638 2211 680 2274 ad
713 2232 806 2274 mon-

855 2048 889 2101 et
926 2040 1088 2120 germinet
1129 2039 1335 2101 salvatorem.
1406 2037 1451 2099 In

854 2127 1015 2208 euurtgeln
1036 2136 1089 2189 an.
1141 2128 1229 2191 Ecce
1246 2146 1367 2189 nomen
1391 2127 1451 2190 do-

856 2216 935 2277 mini
947 2215 1038 2277 venit
1050 2216 1092 2279 de
1108 2215 1310 2296 longinquo:
1334 2224 1367 2277 et
1384 2213 1451 2277 cla-

218 2215 346 2365 Vtem
356 2302 482 2365 domini
493 2323 499 2363 :
510 2301 594 2364 etad
604 2301 741 2363 domum
752 2302 806 2365 dei
856 2306 933 2366 ritas
949 2304 1020 2384 ejus
1036 2303 1140 2385 replet
1151 2305 1264 2367 orbem
1280 2313 1451 2366 terrarum.

207 2391 325 2472 jacob:
348 2399 381 2452 et
397 2389 529 2452 docebit
545 2409 606 2450 nos
621 2391 691 2450 vias
707 2410 805 2452 suas:
848 2402 897 2473 pi.
916 2390 1113 2472 magnificat.

1327 2391 1453 2455 Oratio.

210 2489 243 2542 et
259 2477 504 2541 ambulabimus
523 2478 555 2539 in
572 2478 697 2539 semitis
713 2478 805 2558 ejus:
855 2482 1020 2612 Excita
1078 2480 1213 2543 domine
1266 2479 1451 2562 potentiam

210 2569 289 2650 quia
312 2568 354 2630 de
377 2586 461 2647 syon
480 2565 587 2627 exibit
610 2565 666 2627 lex
687 2576 806 2629 etver-
929 2577 1022 2630 tuam
1075 2568 1105 2632 &
1155 2569 1256 2632 veni:
1316 2577 1353 2631 ut
1406 2569 1452 2630 ab

210 2657 290 2719 bum
304 2655 429 2717 domini
443 2654 485 2716 de
497 2653 714 2717 hierusalem.⁴
748 2655 805 2717 Re.
856 2657 1104 2719 imminentibus
1134 2667 1344 2738 peccatorum
1375 2676 1452 2717 nos·

212 2746 298 2808 Ecce
310 2744 380 2806 dies
392 2743 523 2805 venient
536 2742 616 2804 dicit
633 2743 807 2806 dominus:
855 2754 980 2807 trorum
1012 2746 1163 2827 periculis
1199 2755 1233 2808 te
1267 2764 1453 2808 mereamur

211 2834 242 2897 δι
269 2831 435 2896 suscitabo
459 2830 558 2894 david
581 2852 716 2913 germen
738 2832 808 2912 jus·
856 2842 1051 2915 protegente
1081 2834 1187 2916 eripi:
1220 2843 1255 2896 te
1290 2833 1452 2896 liberante

211 2932 301 2985 tum:
326 2919 517 3003 &regnabit
528 2939 606 2982 rex:
631 2919 806 3002 &sapiens
856 2921 982 2984 salvari.
1039 2921 1106 3002 Qui
1139 2922 1232 2990 ‚vivis
1286 2921 1454 2984 Memoria

211 3011 291 3073 erit:
315 3019 349 3072 et
364 3009 462 3072 faciet
482 3007 642 3090 judicium
664 3018 697 3071 et
710 3009 807 3089 justi·
855 3011 895 3072 de
929 3009 1070 3073 domina.
1126 3011 1193 3073 An.
1248 3010 1370 3072 Missus
1401 3017 1454 3072 est

212 3101 297 3161 ciam
315 3100 347 3160 in
363 3107 457 3160 terra
490 3097 535 3159 Et
545 3095 608 3159 hoc
621 3105 671 3159 est
684 3117 805 3159 nomen
856 3096 980 3178 gabriel
1002 3098 1139 3180 angelus
1161 3098 1203 3161 ad
1228 3099 1365 3160 mariam
1388 3098 1454 3162 vir-

212 3187 301 3267 quod
333 3186 499 3247 vocabunt
537 3204 613 3246 eum
651 3184 806 3247 dominus
856 3187 967 3266 ginem
992 3187 1228 3268 desponsatam
1253 3186 1379 3269 joseph.
1425 3185 1454 3261 Ῡ

209 3275 318 3356 justus
335 3283 452 3335 noster.
499 3268 587 3343 tln
611 3271 728 3333 diebus
744 3273 807 3334 illis
858 3275 1171 3357 Egredieturvirga.
1197 3276 1242 3338 Et
1258 3274 1326 3338 flos.
1376 3273 1452 3337 Onu.

213 3361 393 3424 salvabitur
401 3360 504 3440 juda:
531 3358 667 3421 &israel
679 3360 807 3423 habita·
935 3384 993 3425 eus
1032 3365 1088 3446 qui
1128 3364 1172 3427 de
1212 3364 1310 3426 beate
1348 3362 1455 3424 marie

213 3451 263 3514 bit
275 3449 484 3514 confidenter.
510 3446 554 3509 Et
570 3446 632 3509 hoc
645 3457 704 3510 est.
729 3448 807 3512 Glo-
933 3452 1068 3533 virginis
1088 3462 1182 3515 utero
1204 3452 1340 3515 verbum
1356 3461 1452 3515 tuum
1484 3472 1486 3477 ·

214 3541 261 3601 ria
278 3539 372 3621 patri.
411 3537 456 3599 Et
472 3535 543 3598 hoc.
644 3536 805 3615 Hymnus.
856 3539 976 3621 angelo
1011 3542 1190 3605 nunciante
1218 3561 1350 3603 carnem
1381 3560 1453 3601 sus-

276 3627 408 3689 onditor
424 3624 510 3687 alme
527 3623 683 3704 syderum
694 3634 807 3688 eterna
859 3628 968 3709 cipere
1016 3629 1167 3692 voluisti:
1212 3637 1323 3710 presta
1375 3648 1455 3710 sup-

273 3716 332 3777 lux
361 3713 564 3777 credentium
600 3712 729 3777 Christe
761 3735 809 3776 re·
860 3716 999 3798 plicibus
1023 3719 1108 3780 tuis:
1132 3727 1168 3781 ut
1191 3718 1247 3800 qui
1273 3737 1349 3780 vere
1376 3736 1452 3779 eam

213 3803 532 3885 demptoromnium
554 3802 677 3865 exaudi
695 3822 809 3884 preces
858 3805 1051 3886 genitricem
1082 3806 1136 3868 dei
1161 3806 1349 3869 credimus:
1380 3805 1453 3885 ejus

214 3892 407 3974 supplicum.
456 3888 518 3967 Qui
532 3889 710 3953 condolens
726 3893 809 3954 inte·
859 3894 947 3973 apud
971 3903 1006 3956 te
1043 3894 1329 3958 intercessionibus
1359 3893 1453 3973 adju-

215 3982 277 4043 ritu
302 3981 416 4042 mortis
438 3979 543 4061 perire
569 3978 715 4041 seculum
742 3979 808 4042 sal·
857 4001 979 4045 vemur.
1038 3983 1100 4044 Per
1136 3983 1287 4045 eundern.
1338 3986 1370 4059 (Ι
1404 3981 1457 4043 Et

214 4070 297 4132 vasti
309 4069 469 4131 mundum
480 4066 807 4147 languidumdonans
856 4071 1018 4133 sciendum
1030 4071 1117 4153 quod
1129 4071 1282 4133 memoria
1292 4071 1332 4133 de
1344 4078 1455 4132 sancto

216 4159 277 4220 reis
294 4156 484 4220 remedium.
513 4155 675 4237 Vergente
691 4158 807 4220 mundi
856 4159 993 4222 Andura
1029 4160 1062 4222 sz'
1096 4158 1293 4223 eadem⁶die
1326 4158 1457 4221 subbati

315 4342 321 4371 ¹
343 4340 459 4404 ‘excepto'
471 4340 523 4388 add
527 4356 536 4389 :
552 4341 586 4388 E.
592 4340 620 4389 G.

312 4408 323 4437 ²
343 4412 379 4455 ‘et
389 4409 415 4454 in
420 4407 476 4471 fine
492 4407 587 4454 rubn'ce
597 4408 625 4454 de
636 4407 694 4470 ipris
704 4424 872 4459 connumera·

279 4474 404 4533 tioniun‚’
416 4473 479 4521 add:
497 4473 530 4521 E.
538 4473 565 4521 G.

313 4543 322 4571 ³
334 4547 382 4604 pru
396 4539 487 4603 ‘seria’
499 4539 609 4589 subbato:
628 4539 660 4588 E.
668 4539 696 4589 G.

955 4347 964 4375 ⁴
984 4346 1055 4393 ‘Deo
1067 4345 1172 4409 gratias'
1184 4346 1232 4395 add
1247 4364 1252 4396 :
1269 4345 1382 4395 E.G.W.

956 4412 1140 4461 “Iste’udd:
1161 4414 1189 4463 G.

956 4479 1073 4526 ‘tuden'
1095 4479 1133 4528 W.
