3014 5032
605 331 736 388 PRIMA
763 331 1000 388 ADVENTUS.

469 441 492 495 9
1101 443 1148 497 10

177 545 264 610 coris
290 546 370 630 ejus.
417 547 510 613 Deus
534 558 647 612 noster
673 549 778 613 manl—
828 549 969 631 populus
999 548 1103 613 tribus
1144 549 1174 612 81
1216 548 1327 630 lingue
1360 569 1421 612 ser·

177 634 264 704 feste
279 637 396 700 veniet.
633 638 741 701 Lectio
746 640 777 721 j.
828 639 936 700 vient⁶
952 639 990 703 ei.
1031 638 1221 724 pPotestas
1233 638 1303 719 ejus
1315 647 1425 720 potes-

189 726 264 854 V
265 724 325 786 isio
343 724 428 787 Isaie
444 725 501 788 filii
522 725 649 790 Amos:
677 747 777 809 quam
828 736 879 789 tas
903 736 1029 790 eterna:
1052 748 1117 809 que
1147 747 1214 788 non
1244 726 1424 789 auferetur:

264 813 347 876 vidit
362 834 461 895 super
479 815 596 895 judam
620 815 650 878 ἃ
671 814 778 878 hieru·
829 815 1007 896 &regnum
1020 814 1090 895 ejus
1102 815 1192 897 quod
1202 835 1268 878 non
1281 835 1425 877 corrum-

180 899 308 965 salem:
342 902 375 963 in
416 902 533 965 diebus
574 903 663 966 ozie:
705 903 777 986 joa·
827 912 932 985 petur.
979 903 1024 966 Et
1039 903 1164 968 datum.
1252 903 1359 966 Lectio
1375 902 1422 984 iis:

178 987 280 1051 than¹
295 1011 302 1055 :
326 990 449 1053 achazl
464 1000 498 1054 et
513 991 643 1054 ezechie
663 1012 777 1073 regum
905 991 1125 1073 ereliquerunt
1228 992 1423 1055 dominum:

171 1075 269 1158 juda.
314 1079 441 1142 Audite
476 1079 609 1143 celit&
645 1082 777 1143 auribus
905 1079 1218 1161 blasphemaverunt
1271 1089 1423 1142 sanctum

180 1166 312 1248 percipe
327 1177 432 1230 terra:
451 1169 608 1249 quoniam
625 1168 778 1231 dominus
828 1167 922 1231 israel
941 1168 1118 1231 abalienati
1140 1177 1216 1230 sunt
1237 1177 1424 1230 retrorsum.

179 1253 309 1317 locutus
340 1264 397 1318 est.
445 1256 545 1319 Filios
575 1257 713 1319 enutrivi
744 1266 777 1319 et
827 1255 935 1338 Super
966 1277 1033 1338 quo
1065 1257 1247 1338 percutiam
1278 1277 1338 1319 vos
1375 1256 1424 1319 ul·

179 1342 347 1406 exaltavi:
371 1344 433 1425 ipsi
456 1353 568 1407 autem
585 1353 777 1427 spreverunt
826 1353 878 1425 tra
921 1345 1081 1407 addentes
1123 1345 1424 1426 prevaricationem.

179 1450 243 1493 me.
291 1431 365 1495 Hec
389 1432 469 1495 dicit
496 1432 649 1496 dominus
673 1433 776 1497 deus:
828 1431 938 1497 Omne
982 1442 1083 1514 caput
1128 1432 1347 1514 languidum:
1394 1432 1424 1495 &

178 1521 407 1583 convertimini
423 1521 465 1584 ad
478 1522 667 1585 me&salvi
680 1521 777 1585 eritis,
823 1542 926 1584 omne
964 1541 1030 1584 cor'
1058 1542 1206 1585 merens:
1251 1542 1272 1584 a
1309 1520 1424 1603 planta

180 1606 240 1670 Sic
265 1609 478 1672 terminentur
501 1631 608 1672 omnes
637 1610 778 1672 lectiones
827 1611 921 1691 pedis
936 1631 1040 1692 usque
1056 1612 1098 1672 ad
1113 1610 1268 1673 verticem
1292 1628 1357 1672 non
1375 1619 1426 1671 est

178 1695 219 1758 de
254 1696 444 1778 prophetia:
487 1709 518 1760 et
553 1697 780 1779 respondeatur
827 1699 861 1760 in
892 1719 932 1761 eo
957 1699 1089 1762 sanitas.
1133 1699 1191 1761 Re.
1224 1698 1348 1762 Missus
1372 1706 1423 1760 est

180 1784 257 1846 Deo
280 1785 411 1867 gratias.
456 1787 513 1850 Re.
557 1787 734 1869 Aspiciens
757 1808 778 1850 a
826 1787 952 1869 gabriel
975 1786 1111 1868 angelus
1136 1788 1178 1850 ad
1203 1787 1339 1849 mariam
1362 1787 1426 1848 vir-

179 1871 280 1952 longe
303 1893 379 1936 ecce
396 1874 493 1937 video
516 1875 569 1938 dei
592 1875 777 1958 potentiam
827 1876 938 1956 ginem
994 1875 1229 1957 desponsatam
1282 1874 1423 1957 joseph:

179 1963 367 2024 venientem
407 1963 436 2026 81
475 1963 630 2027 nebulam
671 1973 777 2027 totam
828 1964 986 2026 nuncians
998 1965 1027 2026 ei
1039 1964 1176 2027 verbum
1188 1973 1222 2027 et
1234 1963 1426 2045 expavescit

180 2057 302 2112 terram
333 2060 511 2132 tegentem.
558 2053 610 2115 Ite
646 2052 777 2115 obviam
827 2053 920 2133 virgo
958 2052 999 2114 de
1037 2052 1170 2115 lumine.
1215 2052 1269 2114 Ne
1305 2053 1425 2114 timeas

179 2139 230 2202 ei:
247 2149 281 2202 et
289 2140 396 2204 dicite.
425 2141 556 2204 Nuncia.
568 2142 682 2205 nobis:
699 2142 725 2204 si
741 2151 777 2203 tu
829 2141 953 2204 maria:
982 2141 1134 2203 invenisti
1161 2142 1304 2222 ‚gratiam
1336 2140 1425 2221 apud

179 2248 216 2290 es
233 2227 312 2309 ipse.
358 2227 424 2310 Qui
438 2239 632 2311 regnaturus
648 2251 691 2293 es
738 2231 778 2292 In
828 2229 1020 2293 dominum:
1058 2250 1134 2292 ecce
1180 2229 1345 2311 concipies
1395 2229 1425 2291 &

172 2316 305 2397 ‚populo
337 2316 441 2381 israel.
486 2317 665 2404 pQuique
688 2319 779 2383 terri·
828 2318 943 2399 paries.
990 2318 1036 2381 Et
1068 2318 1239 2382 vocabitur
1276 2316 1425 2380 altissimi

179 2424 266 2486 gene
293 2405 323 2468 ἃ
347 2404 405 2468 filii
428 2406 600 2470 hominum
624 2408 721 2470 simul
745 2408 779 2469 in
829 2406 922 2470 filius.
979 2423 1003 2492 p
1046 2407 1151 2470 Dabit
1188 2406 1234 2469 illi
1272 2407 1426 2469 dominus

180 2513 285 2561 unum
301 2493 433 2557 dives&
449 2515 584 2577 pauper.
619 2497 780 2578 Iteusque
829 2495 910 2557 deus
926 2497 1039 2558 sedem
1056 2496 1154 2558 david
1173 2495 1276 2577 patris
1299 2494 1369 2575 ejus
1392 2502 1427 2556 et

179 2581 216 2644 iu
239 2581 342 2663 fineen
368 2584 578 2663 responsorii:
611 2587 645 2648 &
670 2585 718 2647 sic
742 2583 781 2646 de
829 2583 981 2664 regnabit
1000 2584 1033 2646 in
1056 2586 1157 2647 domo
1177 2584 1277 2667 jacob
1293 2582 1325 2645 in
1343 2592 1426 2646 eter-

178 2671 379 2751 sequentibus
394 2672 622 2736 iterationibus.
665 2689 688 2758 p
713 2672 779 2754 Qui
830 2691 918 2734 num.
953 2671 999 2734 Et
1010 2673 1190 2737 vocabitur.
1223 2672 1345 2736 Gloria.
1380 2671 1427 2733 Et

180 2759 267 2839 regis
291 2759 386 2822 israel
410 2760 544 2823 intende
567 2762 624 2843 qui
645 2761 780 2824 deducis
829 2759 1009 2823 vocabitur.

181 2846 273 2909 velut
291 2868 386 2911 ovem
406 2847 534 2930 joseph.
573 2850 711 2913 Nuncia.
757 2866 780 2935 p
873 2849 916 2909 Iu
940 2849 969 2930 ij
991 2858 1141 2911 nocturno
1166 2858 1219 2911 an.
1247 2847 1428 2911 Bethleem.

182 2934 307 2998 Excita
325 2936 458 2999 domine
481 2937 664 3019 potentiam
688 2947 780 3001 tuam
822 2946 873 3017 pi.
898 2936 1064 3000 Conserva
1088 2956 1150 2999 me.
1197 2935 1309 3000 Gloria
1332 2936 1427 3017 patri.

183 3023 213 3086 81
244 3025 340 3087 veni:
373 3034 410 3087 ut
441 3027 550 3088 salvos
580 3026 681 3089 facias
712 3047 780 3090 nos.
829 3025 896 3087 Ari.
935 3025 1022 3087 Ecce
1055 3025 1155 3106 virgo.
1202 3033 1252 3106 pi.
1292 3023 1427 3086 Exaudi

182 3111 249 3193 Qui
266 3112 373 3194 regis.³
402 3113 563 3199 pGloria.
596 3116 635 3177 In
646 3115 780 3196 populo.
830 3114 972 3177 domine.
1034 3113 1147 3178 Gloria
1193 3111 1302 3195 patri.6
1360 3112 1446 3174 Ari(

180 3201 233 3262 Et
246 3209 360 3280 postea
383 3201 586 3283 reincipietnr
606 3204 781 3284 Responso-
831 3202 972 3266 Orietur.
1009 3211 1060 3284 pi.
1092 3202 1247 3283 Diligam.
1294 3199 1429 3265 Gloria.5

182 3289 278 3352 rium.
308 3289 510 3371 Aspiciens,
624 3292 729 3354 Lectio
745 3292 779 3374 ij.
829 3308 853 3377 p
884 3291 1081 3373 Egredietur
1109 3291 1201 3372 virga
1236 3290 1279 3353 de
1318 3289 1428 3352 radice

188 3379 384 3510 Cognovit
443 3379 504 3442 bos
557 3400 778 3460 possessorem
826 3380 921 3461 jesse.
961 3381 1074 3443 Sereno
1095 3378 1180 3442 beati
1201 3378 1321 3441 Leonis
1337 3388 1428 3460 pape.

246 3487 362 3530 suum:
389 3465 419 3529 81
443 3468 554 3530 asinus
569 3489 705 3550 presepe
721 3470 780 3531 do·
832 3473 893 3601 L

182 3554 263 3616 mini
273 3555 342 3618 sui:
358 3555 453 3618 israel
464 3565 574 3618 autem
586 3578 651 3618 non
661 3578 783 3638 cogno·
900 3557 961 3621 sit:
1003 3566 1212 3638 quantusque
1253 3575 1430 3618 concursus

181 3643 230 3706 vit
251 3643 343 3707 me⁴:
367 3643 509 3725 populus
530 3665 623 3708 meus
644 3666 710 3708 non
733 3645 783 3707 in·
833 3666 909 3707 cum
944 3646 1150 3726 imperatoris
1188 3643 1304 3706 mundi
1335 3644 1429 3705 istius
1469 3669 1471 3674 ·

181 3730 323 3794 tellexit.
379 3733 431 3796 Ve
468 3733 560 3814 genti
586 3733 781 3814 peccatrici:
834 3734 953 3797 natalis
989 3733 1204 3797 celebrandus
1242 3741 1311 3795 est:
1345 3731 1429 3793 bene

182 3818 309 3902 populo
330 3821 421 3902 gravi
445 3820 641 3903 iniquitate:
664 3823 781 3886 semini
833 3822 955 3886 nostis:
979 3821 1073 3904 quia⁷
1090 3823 1194 3884 nostis
1213 3820 1429 3902 quemadmo-

181 3928 327 3990 nequam
380 3908 454 3971 filiis
506 3910 679 3975 sceleratis
724 3912 780 3974 Re.
832 3911 912 3973 dum
943 3911 1043 3973 duces
1073 3911 1143 3992 ejus
1163 3918 1207 3972 ‘et
1245 3908 1429 3990 principes:

180 3995 422 4078 Adspiciebam
447 3999 481 4059 in
503 3999 574 4060 visu
600 4000 726 4062 noctis:
751 4000 780 4063 &
832 4020 947 4062 omnes
966 4000 1065 4061 etiam
1091 3998 1270 4061 militantes
1286 3997 1429 4060 accurati

179 4105 257 4148 ecce
280 4085 313 4146 in
344 4086 486 4148 nubibus
517 4086 577 4149 celi
608 4087 693 4149 filius
723 4088 781 4150 ho·
832 4088 942 4151 sericis
952 4086 1117 4150 vestibus:
1135 4086 1272 4149 accincti
1283 4085 1429 4167 operosis

181 4173 280 4235 minis
305 4174 404 4236 venit.
452 4174 496 4236 Et
527 4176 640 4237 datum
671 4185 722 4238 est
752 4177 781 4239 ei
832 4175 970 4257 cingulis
987 4196 1065 4238 auro
1088 4174 1235 4256 fulgente
1258 4174 1429 4256 preciosis:

181 4281 322 4350 regnum
361 4261 391 4324 81
429 4262 556 4327 honor:
603 4263 632 4326 81
674 4266 781 4327 omnis
833 4265 981 4327 ambiant
1007 4263 1105 4326 solito
1131 4263 1266 4325 nitidius
1293 4263 1326 4324 in
1352 4282 1429 4325 con-

327 4411 333 4440 ¹
350 4409 481 4473 ioatham:
499 4412 529 4459 E.
668 4413 776 4462 ²acham
789 4432 794 4462 :
808 4414 839 4464 G.
975 4414 984 4442 ⁸
1002 4419 1146 4476 regnaturus
1157 4427 1201 4461 es:
1219 4412 1285 4462 EG.

416 4479 424 4507 ⁴
439 4481 493 4525 ‘me
505 4493 555 4526 non
566 4479 715 4542 cognovit’:
733 4480 799 4530 EG.
886 4482 896 4509 ⁵
913 4480 1039 4529 serviens:
1056 4480 1121 4528 E.G.

416 4546 425 4572 ⁶
444 4543 500 4594 6(Η.
516 4543 565 4608 pa’
578 4561 627 4594 om.
643 4563 649 4595 ι
666 4546 778 4626 E...G'W
887 4549 896 4575 ⁷
913 4562 958 4612 pro
973 4545 1060 4610 ‘quia'
1072 4544 1131 4610 qui:
1149 4544 1260 4594 E.G.W.
