3014 5032
276 613 536 689 RUBRICA
577 611 920 688 GENERALIS
949 613 1024 684 IN
1054 609 1357 686 ADVENTU.

481 814 495 867 1
1125 811 1148 864 2

194 923 227 996 01
250 917 291 982 ln
319 919 446 983 nomine
474 928 581 982 sancte
608 927 639 982 et
671 917 792 981 indivi-
842 926 937 979 ventu
958 915 1085 980 domini
1105 917 1138 978 si
1159 916 1292 998 aliquod
1306 916 1433 998 festum

190 1007 256 1070 dne
296 1007 466 1072 trinitatis.
511 1008 627 1070 Amen.
672 1006 794 1087 Incipit
841 1004 1052 1068 inlectiomem
1062 1005 1097 1067 in
1106 1003 1235 1067 sabbato
1246 1004 1413 1087 contigerit
1422 1029 1434 1069 :

190 1096 269 1159 ordo
290 1095 462 1159 Breviorii
476 1095 647 1158 secundnm
671 1115 791 1158 morem
840 1102 917 1155 tunc
947 1093 982 1155 in
1012 1092 1078 1173 ipso
1099 1092 1231 1156 sabbato
1253 1103 1374 1174 vespere
1395 1095 1434 1156 de

193 1185 229 1246 ἕν
251 1184 506 1247 consuetudinem
520 1183 642 1257 ecclesie
663 1182 790 1246 Eboro—
839 1180 1000 1244 dominica
1006 1182 1099 1264 fiant
1120 1202 1191 1244 cum
1206 1181 1391 1263 autipleonis
1405 1193 1437 1245 et

189 1273 292 1335 censis
312 1272 487 1355 anglicane.
539 1272 581 1335 In
601 1281 699 1354 porte
719 1271 790 1352 leye-
831 1270 974 1350 psalmis
995 1269 1043 1332 ad
1060 1269 1228 1332 sabbatum
1244 1270 1433 1350 pertinmti-

190 1361 282 1425 mali.
326 1361 378 1424 Et
390 1360 502 1443 primo
516 1360 556 1423 de
576 1360 715 1423 advmtu
733 1359 789 1423 do·
839 1356 918 1422 bns:
940 1367 972 1420 et
992 1357 1148 1420 memoria
1161 1357 1202 1420 de
1222 1368 1352 1422 sancto:
1375 1380 1435 1440 que

190 1449 278 1512 mini
308 1449 444 1531 quedam
483 1448 589 1530 regule
620 1457 789 1530 ponmtnr.
830 1446 1169 1527 precedetmemoriam
1182 1445 1268 1508 beate
1282 1446 1431 1527 virgim's.

189 1537 312 1601 Prima
328 1557 466 1620 qnamm
482 1546 535 1600 est.
766 1575 768 1583 ·
840 1535 941 1612 (ISi
950 1555 1024 1597 vero
1035 1536 1101 1597 talc
1105 1534 1232 1616 festum
1243 1536 1277 1597 in
1292 1535 1432 1598 domini-

189 1625 409 1758 Adventus
417 1625 544 1688 domini
551 1645 605 1687 nec
613 1633 688 1687 arete
694 1624 787 1706 quin-
836 1622 882 1685 eis
891 1622 985 1704 infra
995 1622 1168 1685 adveutum
1180 1625 1337 1686 evenerit:
1353 1645 1433 1686 sem-

299 1725 367 1778 tam
377 1712 787 1777 kalendasdeeemlriscele·
829 1711 1432 1794 perdmfi’ratnrinsecnndamsmmrre:

190 1802 285 1866 brari
303 1802 486 1866 inchoetur:
515 1799 721 1883 necejnsdern
736 1801 786 1886 in-
835 1799 868 1861 si
888 1820 958 1862 eam
981 1800 1150 1881 contigerit
1170 1821 1192 1862 a
1208 1799 1296 1880 festo
1321 1821 1433 1863 novem

188 1890 313 1954 cleoatio
349 1890 439 1953 ultra
475 1899 628 1971 quartam
671 1890 787 1952 Nonas
835 1887 1002 1951 lectionum
1031 1886 1190 1951 vacari².·
1228 1888 1263 1951 ἂ
1293 1898 1369 1951 tune
1397 1889 1433 1952 in

188 1979 361 2042 decembris
371 1978 550 2060 differatur.
589 1977 659 2042 Sed
671 1978 705 2040 in
720 1978 787 2041 lu'is
834 1975 996 2039 dominica
1008 1987 1132 2057 vespere
1142 1976 1229 2060 fient
1242 1976 1282 2039 de
1299 1986 1407 2041 sancto
1417 2000 1430 2040 .·

188 2077 302 2149 septem
317 2067 428 2131 diebus
444 2067 502 2130 nbi
521 2066 589 2129 dics
606 2066 787 2129 dominicus
834 2064 1011 2146 incipiendo
1034 2064 1074 2127 de
1095 2086 1128 2127 eo
1157 2065 1206 2127 ad
1229 2065 1405 2146 capitulum
1418 2089 1430 2129 .·

187 2156 349 2219 evenerit:
372 2155 488 2219 ibidem
506 2154 665 2218 adventus
683 2154 787 2218 domi-
834 2174 905 2215 cnm
932 2153 1087 2216 memoria
1108 2152 1148 2215 de
1167 2153 1336 2218 dominica.
1382 2154 1433 2217 Et

188 2245 228 2307 ni
262 2244 414 2307 celebrari
450 2243 630 2325 incipiatur.
701 2242 785 2306 Alia
833 2241 867 2303 si
895 2241 929 2304 in
959 2240 1147 2323 lensiesmodi
1169 2242 1266 2324 feria
1293 2243 1430 2306 secunda

188 2333 309 2414 regulo.
367 2331 504 2395 Andree
535 2331 619 2395 festo
649 2331 785 2394 vicinior
833 2328 1058 2411 olindfestnm
1074 2330 1112 2392 irc
1128 2329 1296 2393 lectionum
1310 2334 1430 2394 conten-

131 2447 135 2455 ·
188 2421 304 2485 ordine
315 2421 439 2502 quovis.
450 2420 645 2484 Adventum
657 2420 783 2482 domini
827 2428 915 2500 gat:
947 2427 1022 2481 tecue
1043 2418 1083 2481 de
1100 2420 1187 2498 sesto
1210 2420 1244 2483 in
1268 2418 1429 2482 dominica

188 2510 296 2590 prima
319 2508 397 2574 colit
420 2509 507 2572 feria.
568 2508 605 2573 Si
629 2509 726 2572 cadat
749 2505 782 2571 in
832 2506 1029 2590 contingente
1051 2506 1205 2570 dicatur:
1237 2508 1321 2570 sieut
1342 2508 1429 2571 ordi-

188 2596 296 2660 lucem
326 2598 478 2662 domini:
516 2596 698 2660 celebretur
722 2597 782 2659 ibi·
833 2605 934 2657 natur
969 2596 1004 2659 in
1043 2615 1163 2677 magna
1201 2595 1328 2659 rubrica
1354 2608 1429 2660 ante

188 2687 275 2749 dem.
330 2685 577 2765 [Notandum
602 2706 675 2747 vero
700 2686 787 2766 qnod
833 2683 926 2745 Deus
960 2683 1117 2747 omnium.
1165 2688 1197 2761 (Ι
1223 2684 1266 2747 Si
1297 2685 1428 2747 veroin

186 2775 220 2838 si
246 2774 420 2855 festivitas
448 2772 554 2837 sancti
587 2773 720 2835 Andree
746 2774 782 2837 iu
831 2771 943 2853 aliqua
958 2770 1119 2834 dominica
1135 2771 1229 2853 insro
1252 2773 1427 2835 adventum

186 2862 316 2926 sabbato
330 2873 406 2926 arete
418 2863 564 2943 primurn
587 2860 782 2924 dominicam
831 2859 957 2922 domini
971 2858 1097 2939 festum
1127 2859 1243 2940 duplos
1269 2861 1428 2924 everterit:

186 2950 344 3014 adventus
368 2951 529 3013 evenerit:
561 2949 652 3012 nulla
673 2949 708 3011 in
734 2970 782 3010 eo·
830 2947 1167 3030 totumfiatdefesto:
1189 2967 1260 3009 cnm
1274 2949 1427 3011 memoria

186 3040 258 3101 dem
273 3039 403 3103 sabbato
411 3040 459 3102 ad
470 3049 613 3119 vesperas
624 3037 662 3099 de
676 3037 780 3118 dupli·
830 3036 870 3098 de
882 3035 1041 3098 dominica
1058 3045 1125 3098 tam
1141 3035 1177 3098 in
1188 3035 1310 3116 primis
1329 3058 1427 3118 quarn

184 3127 216 3189 ci
232 3127 320 3209 festo
335 3128 441 3191 sumti
460 3127 592 3190 Andree
608 3126 673 3210 fiet
694 3146 780 3187 rnen·
830 3123 865 3186 in
879 3124 1026 3186 secundis
1040 3124 1176 3204 vomeris
1186 3124 1220 3187 &
1233 3125 1426 3190 matutinis:

184 3216 257 3279 tio:
280 3226 390 3297 preter
419 3215 635 3297 pulsationem
672 3214 779 3297 segeno-
827 3233 900 3275 cum
922 3212 1106 3293 antiphonis
1131 3222 1162 3275 et
1182 3214 1348 3277 versiculis
1372 3214 1427 3278 do-

184 3325 259 3366 rum
272 3327 284 3366 :
314 3326 373 3386 que
396 3303 514 3385 duplex
544 3303 608 3366 em't
632 3312 699 3365 tam
734 3302 783 3365 ad
828 3301 965 3364 minice⁸
990 3300 1267 3383 contingentibus:
1291 3302 1326 3365 &
1352 3324 1424 3366 ora-

182 3393 416 3474 eompletorium
439 3413 535 3474 quarn
557 3392 606 3454 ad
616 3392 777 3472 vesperas¹
828 3390 913 3476 tione
941 3388 1151 3452 dominicali:
1173 3411 1233 3471 qne
1260 3391 1427 3471 precedent

175 3490 286 3562 preter
320 3482 536 3544 memoriam:
581 3499 652 3542 cum
691 3480 778 3553 anti-
828 3479 1016 3541 memoriam
1038 3477 1077 3539 de
1099 3476 1190 3540 beata
1212 3479 1361 3560 virgine:
1388 3481 1423 3543 ὃν

174 3569 294 3650 pliona.
341 3571 485 3633 Domine
500 3569 579 3650 Jesu
597 3568 728 3632 Christe
743 3569 778 3631 ὃν
827 3568 863 3629 in
887 3565 1027 3629 crastino
1047 3565 1179 3629 dicatur
1198 3566 1238 3628 de
1256 3567 1354 3648 ficio
1368 3568 1422 3630 do-

182 3657 336 3720 versiculo
352 3656 481 3721 Dilexit
497 3657 654 3720 andream
671 3656 776 3719 domi·
827 3653 976 3717 minieali
991 3654 1188 3736 ferialiter:
1222 3675 1293 3717 cum
1318 3656 1423 3719 tribus

183 3766 253 3820 nus,
272 3749 306 3810 &
321 3747 443 3810 collecta
460 3747 681 3827 Majestatem.
727 3746 779 3808 Et
824 3743 1010 3806 lectionibus
1037 3742 1077 3804 de
1111 3743 1300 3823 expositione
1325 3765 1423 3806 evare-

172 3834 260 3918 fimt
285 3835 434 3897 memorie
453 3834 494 3897 de
508 3834 640 3896 domina
653 3856 665 3896 .·
686 3842 717 3894 et
739 3833 779 3895 de
820 3831 904 3912 gelii
941 3833 975 3894 &
1006 3830 1110 3894 tribus
1147 3831 1355 3911 responsoriis
1383 3834 1424 3896 de

180 3923 301 3986 sanctis
319 3923 468 3989 Crisnreto
482 3933 512 3985 et
526 3921 645 3986 Duria.
677 3926 709 3999 (Ι
735 3921 778 3985 Si
819 3920 929 4000 primo
949 3928 1099 3982 nocturno
1124 3920 1213 3982 νννννν4
1232 3929 1286 3981 an.
1302 3923 1423 3983 contin-

180 4032 254 4074 vero
290 4013 359 4094 erus
387 4012 514 4092 festam
551 4011 586 4073 in
616 4009 777 4073 dominica
820 4007 1299 4089 genteferiomstperpsalrnd
1316 4009 1419 4071 Bene-

178 4101 341 4163 evencrit:
370 4100 511 4182 qualiter
530 4099 776 4181 agendumfue-
826 4097 933 4160 dictus
965 4116 1027 4158 non
1058 4094 1244 4176 impediente
1263 4096 1352 4177 sesto
1381 4098 1426 4179 iij

178 4189 249 4251 rit:
272 4188 453 4251 invenietur
466 4188 514 4250 ad
524 4189 592 4270 epus
600 4189 724 4267 festum
741 4187 776 4250 in
826 4185 1000 4248 lectionum.
1048 4183 1154 4262 [Do
1167 4184 1268 4264 festis
1289 4206 1362 4248 vero
1381 4186 1425 4268 iij

169 4277 333 4357 principio
353 4287 544 4340 sanctornm.
598 4281 630 4354 (Ι
653 4275 695 4337 [n
718 4276 776 4338 ad·
826 4274 876 4337 lec.
894 4273 928 4335 in
943 4272 1084 4335 adventa
1108 4293 1169 4335 non
1187 4282 1331 4354 agatur:
1354 4275 1422 4337 nisi

213 4449 219 4478 ¹
241 4451 289 4497 ‘et’
302 4450 354 4498 odel
360 4467 368 4499 :
386 4452 418 4500 E.
425 4451 453 4499 G.
463 4452 499 4498 W.
684 4450 694 4479 ²
711 4465 797 4498 vocare
806 4465 814 4497 :
831 4449 863 4497 E.
871 4448 899 4497 G.
1071 4449 1080 4476 ³
1090 4446 1237 4495 dominicam
1247 4461 1256 4495 .·
1268 4447 1301 4496 E.
1308 4447 1337 4496 G.
1347 4448 1384 4496 W.

439 4520 447 4547 ⁴
455 4524 502 4579 pro
517 4516 597 4565 ‘erent'
615 4523 636 4564 ct
650 4534 658 4564 ,·
676 4516 711 4566 W.
930 4516 939 4543 ³
945 4513 1072 4577 psalmum
1082 4528 1091 4572 ς
1103 4514 1135 4561 E.
1142 4512 1170 4561 G.

1312 4606 1332 4652 B
