3014 5032
582 311 824 366 EPIPHANIE
848 311 1013 366 DOMINI.

439 418 510 474 189
1088 418 1159 472 190

177 537 230 591 aii.
266 525 399 588 Psallite
430 526 504 589 de0.
559 534 611 606 pt.
649 525 777 590 Omnes
826 524 1003 588 devotione
1019 523 1103 586 festa
1119 523 1424 610 celebramusQui

177 624 304 697 gentes,
351 631 375 699 p
392 614 503 696 Reges
515 612 642 676 tharsis
827 612 904 675 licet
924 612 1063 674 diversis
1079 632 1254 694 regnorum
1275 618 1425 695 partibus

179 705 294 767 Sermo
310 702 395 766 beati
408 701 549 764 maximi
562 701 701 782 episcopi.
826 709 860 764 et
885 700 1089 782 temporibus
1115 701 1342 783 multipliciter
1365 705 1423 768 flo-

246 812 303 853 um
326 789 437 872 plura¹
464 790 558 852 nobis
620 789 740 871 [Lectio
745 790 777 871 j.
825 798 934 851 rerent
950 790 983 850 in
1003 789 1117 852 terris:
1140 791 1212 871 pari
1228 800 1342 854 tamen
1366 795 1423 857 de-

246 879 362 942 fratres
369 888 470 960 atque
479 878 776 941 diversasestivitas
825 877 959 939 votione
975 876 1189 941 laborabant:
1216 878 1346 944 Christo
1363 882 1424 943 im-

178 968 277 1050 hujus
308 967 374 1030 diei
404 966 597 1029 salutarium
625 966 776 1046 mysteri·
827 965 984 1045 maculati
1023 966 1204 1029 assistere:
1250 967 1423 1032 ecclesiam

179 1077 274 1119 orum
319 1063 528 1118 sacramenta
568 1052 775 1135 multiplicat.
826 1073 940 1134 regere
978 1062 1080 1134 atque
1117 1063 1299 1136 protegere.
1364 1058 1422 1121 Rc.

179 1145 269 1207 Nam
286 1144 370 1207 sicut
393 1143 578 1225 posteritati
595 1161 653 1205 sue
669 1140 776 1204 fidelis
829 1142 889 1203 Isti
915 1149 992 1203 sunt
1020 1142 1080 1203 viri
1107 1143 1223 1206 sancti.
1268 1145 1424 1228 pSancti

179 1232 352 1295 mandavit
367 1232 557 1312 antiquitas.
582 1229 694 1292 Hodie
711 1229 775 1292 sal·
827 1229 1010 1310 perfidem.
1270 1233 1379 1294 Lectio
1395 1256 1423 1297 o.

178 1329 275 1383 vator
289 1319 426 1383 humani
447 1318 577 1400 generis
599 1317 776 1381 celestibus
881 1317 970 1397 gitur
996 1318 1113 1380 beatus
1134 1318 1244 1399 presul
1269 1322 1424 1402 remigius

178 1418 331 1471 ostensus
358 1408 486 1470 indiciis
510 1427 531 1470 a
557 1405 703 1470 chaldeis
727 1415 777 1468 est
881 1405 1027 1486 puellam
1060 1427 1080 1468 a
1111 1407 1253 1470 demone
1291 1418 1424 1491 captam

179 1498 345 1561 adoratus,
398 1497 457 1560 Re.
485 1494 677 1558 Illuminare
704 1494 776 1556 illu·
826 1492 989 1556 sanabat:
1012 1514 1071 1575 per
1096 1494 1188 1575 cujus
1212 1516 1248 1558 os
1272 1495 1424 1560 diabolus

181 1587 316 1647 minare.
618 1582 727 1662 Lectio
742 1582 776 1664 ij.
826 1602 862 1643 se
878 1581 1045 1645 fatebatur
1069 1602 1136 1643 non
1159 1604 1257 1664 posse
1281 1585 1424 1666 expelli:

181 1675 272 1804 H
274 1673 349 1735 odie
361 1671 511 1737 Christus
521 1670 610 1734 beati
620 1670 777 1752 johannis
826 1670 887 1731 nisi
914 1669 1014 1732 solius
1043 1670 1187 1752 Remigii
1211 1674 1424 1738 orationibus

274 1760 456 1824 ministerio
479 1760 604 1822 fluenta
627 1758 792 1840 jordanis¹
827 1757 938 1839 Quam
965 1759 1067 1820 etiam
1092 1759 1175 1822 sicut
1199 1761 1355 1842 prius—ab
1377 1763 1424 1824 in-

179 1849 411 1913 benedictione
423 1849 546 1930 proprii
566 1846 776 1949 baptismatis
825 1866 907 1908 sana
931 1855 1043 1909 mente
1009 1845 1238 1912 ttliberavi.
1231 1871 1238 1884 ·
1261 1849 1307 1913 sic
1323 1851 1424 1913 etiam

181 1937 394 2002 consecravit.
442 1935 610 1999 Hodiet
578 1936 678 1998 etiam
695 1935 776 1997 invi·
825 1943 902 2036 post
889 1935 1082 1998 tmodicum
1099 1956 1119 1998 a
1134 1946 1241 2000 morte
1253 1941 1425 2001 resuscita·

179 2034 231 2088 tat
233 2047 271 2087 us
287 2026 329 2088 ad
356 2024 489 2106 nuptias
514 2023 695 2087 divinitatis
719 2044 777 2086 sue
825 2023 882 2085 vit.
936 2023 994 2087 Re.
1027 2023 1217 2105 Fulgebunt
1251 2025 1341 2107 justi
1404 2044 1425 2128 p

179 2113 366 2237 potentiam
397 2113 552 2175 manifest
539 2120 633 2174 tans:
672 2112 844 2193 aquasJ
826 2110 914 2192 Justi
930 2111 1092 2193 imperpet
1095 2133 1182 2177 uum.
1257 2115 1366 2177 Lectio
1381 2116 1426 2197 vj.

181 2203 319 2283 inquam
326 2200 452 2263 ²vertit
476 2201 510 2262 in
537 2200 650 2262 vinum
676 2201 709 2263 id
727 2207 777 2263 est
892 2218 1024 2263 ummus
1041 2208 1073 2262 et
1089 2200 1273 2282 preclarus
1265 2211 1326 2266 rste
1341 2201 1426 2266 hila-

180 2310 264 2371 quas
288 2288 539 2352 sanctificavit'
530 2308 564 2350 m
589 2287 777 2368 baptismo:
892 2288 958 2349 rius
974 2288 1137 2351 duodenis
1153 2289 1343 2353 clarissimis
1366 2313 1424 2354 vo·

180 2377 369 2440 nobilitavit
384 2377 418 2438 in
441 2377 574 2460 nuptiis.
620 2377 677 2440 Re
695 2376 777 2441 Om-
827 2375 1007 2438 luminibus
1052 2397 1168 2440 omnes
1205 2377 1424 2443 hereticorum

180 2487 239 2528 nes
256 2466 298 2528 de
313 2465 402 2530 saba.
609 2464 758 2527 Lectio''
730 2465 777 2546 cij.
828 2484 952 2527 errores
992 2467 1161 2530 extinxit:
1199 2476 1233 2529 et
1269 2488 1330 2549 pro
1370 2490 1425 2531 ve·

191 2555 311 2685 Tria
327 2554 462 2635 quidem
478 2552 667 2617 hecfratres
682 2554 779 2615 unius
830 2550 927 2614 ritate
958 2573 1060 2634 quam
1092 2554 1286 2635 predicabat
1324 2555 1425 2638 pluri-

264 2642 330 2706 diei
362 2642 519 2723 mysteria
549 2659 778 2705 recensemus:
830 2660 885 2702 ma
908 2642 1049 2703 adversa
1071 2641 1193 2723 injuste
1216 2644 1425 2709 sustinebat:

180 2751 246 2812 que
262 2751 321 2812 per
330 2751 432 2792 unum
445 2730 619 2793 dominum
629 2729 779 2810 dignatio

180 2820 338 2882 trinitatis
354 2818 512 2900 implevit.
555 2819 674 2899 Neque
690 2818 778 2879 enim

180 2906 361 2988 aliquando
374 2907 407 2968 in
417 2907 609 2988 operatione
619 2906 778 2968 virtutum

181 2996 300 3058 abesse
326 2995 388 3057 sibi
420 2995 530 3057 unitas
560 3002 697 3075 potest:
720 3002 779 3056 aut

180 3104 328 3166 unquam
367 3083 511 3165 separari
546 3081 589 3145 ab
619 3081 780 3144 invicem³

180 3173 304 3253 poterit
323 3172 414 3254 quod
440 3171 565 3234 deitate
589 3179 639 3232 est
662 3170 778 3233 indivi-

180 3280 265 3323 sum.
309 3260 368 3322 Rc.
385 3260 495 3341 Reges
509 3258 637 3322 tharsis.
687 3259 738 3322 Ie.
755 3259 786 3339 ij

180 3358 333 3410 nocturno
357 3356 410 3411 aii.
453 3346 572 3411 Omnis
594 3356 689 3410 terra.
728 3356 778 3427 pi.

829 2728 931 2790 etiam
954 2738 987 2791 et
1003 2728 1141 2790 exilium
1158 2731 1316 2794 innocens
1332 2732 1425 2795 tolle·

830 2817 924 2879 rabat
939 2817 968 2880 :⁵
984 2816 1041 2879 ubi
1057 2826 1091 2880 et
1106 2817 1263 2881 defuncto
1275 2820 1426 2901 precibus

829 2905 933 2968 vitam
965 2905 1095 2968 dedisse
1125 2905 1252 2987 legitur.
1315 2909 1427 2989 Digne

830 2991 971 3055 etenim6
981 3001 1090 3075 patres
1107 2995 1161 3055 isti
1173 2993 1335 3076 apostoli⁷
1344 2996 1427 3060 hila-

831 3080 897 3143 rius
914 3090 947 3143 et
963 3083 1120 3163 remigius
1137 3084 1260 3165 recepti
1277 3093 1354 3146 sunt
1377 3085 1426 3146 in·

829 3178 881 3232 ter
909 3169 1066 3250 angelos:
1105 3172 1183 3253 quia
1213 3172 1282 3235 vita
1312 3193 1426 3236 eorum

830 3259 987 3320 immunis
1004 3259 1117 3321 extitit
1129 3260 1215 3322 inter
1226 3269 1425 3341 peccatores.

829 3346 981 3428 Quorum
1018 3347 1170 3428 precibus
1216 3349 1328 3412 divina
1366 3371 1427 3413 nos

830 3434 995 3498 custodiat
1033 3436 1273 3500 misericordia:
1311 3445 1345 3500 et
1383 3439 1426 3501 ad

829 3522 886 3585 illa
914 3524 1073 3605 perducat
1102 3526 1226 3606 gaudia
1257 3546 1322 3608 que
1353 3547 1426 3589 nes-

829 3612 921 3674 ciunt
956 3611 1050 3674 finire
1080 3633 1139 3693 per
1168 3613 1288 3677 secula.
1365 3615 1424 3678 Re.

830 3699 906 3763 Sint
936 3697 1040 3762 lumbi
1070 3701 1178 3763 vestri.
1230 3719 1253 3787 p
1279 3701 1427 3783 Vigilate

829 3808 916 3869 erg0.
965 3787 1103 3865 Quando
1133 3798 1240 3850 octove
1263 3790 1428 3870 epiphanie

828 3875 1325 3956 anticipentootencversiculos.
1344 3879 1427 3943 Om-

180 3436 327 3517 Jubilate
338 3435 402 3498 deo
414 3434 470 3517 (j.)
489 3436 556 3498 Aoi.
570 3436 680 3516 Reges
691 3434 779 3498 thar-

181 3525 235 3587 sis.
284 3533 335 3604 βᾶ.
374 3524 468 3586 Deus
495 3522 666 3604 judicium.
712 3525 777 3585 Aci.

181 3613 310 3676 Omnes
325 3621 451 3692 gentes
489 3621 540 3692 pt.
563 3611 692 3675 Inclina
719 3612 779 3673 do·

181 3701 280 3763 mine.
325 3699 537 3785 pExultent
549 3700 639 3782 justi.

180 3788 293 3851 Medic
329 3787 472 3850 lectiones
508 3787 548 3849 de
589 3788 778 3868 confessori-

184 3876 252 3939 bus.
585 3875 694 3938 Lectio
712 3876 776 3957 iiij.

180 3963 422 4097 sublimium
483 3964 583 4046 igitur
635 3965 779 4026 virorum
832 3984 890 4026 nes
905 3966 948 4026 de
963 3963 1065 4027 saba:
1090 3973 1131 4027 et.
1242 3965 1348 4029 Lectio
1364 3966 1425 4048 iiij.

249 4051 371 4116 Christi
386 4051 492 4115 hilarii
510 4061 610 4134 atque
632 4052 779 4133 remigii:
830 4051 1028 4184 Denique
1039 4072 1114 4114 cum
1125 4051 1348 4134 baptizaretur
1363 4054 1426 4117 sal-

179 4161 265 4222 quos
281 4160 316 4203 se
331 4141 505 4222 patemos⁴
521 4140 659 4204 ecclesia
668 4149 779 4221 gratu·
908 4149 1004 4203 vator
1019 4150 1052 4203 et
1068 4161 1135 4203 non
1151 4140 1204 4203 se⁹
1217 4141 1332 4204 deesse
1355 4144 1427 4205 uni·

179 4229 269 4291 latur
284 4228 408 4293 habere
422 4228 636 4311 magnificos:
653 4228 780 4316 solenni
831 4228 946 4310 genito
972 4237 1069 4310 pater
1094 4228 1128 4290 in
1152 4249 1234 4291 voce
1260 4231 1426 4311 prodidit:

179 4367 185 4394 ¹
209 4364 359 4427 Complura:
377 4365 444 4414 E.G.
630 4365 640 4394 ²
660 4364 864 4428 ‘inquam'0m.:
882 4364 913 4414 G.
1050 4363 1232 4414 ³adinvicem:
1250 4365 1292 4413 W.

180 4434 188 4460 ⁴
206 4437 343 4495 patronos:
360 4431 427 4480 E.G.
631 4433 640 4460 ⁵
657 4430 796 4478 tolerabat:
814 4429 881 4479 E.G.
1051 4432 1060 4459 ⁶
1077 4446 1122 4494 pro
1138 4431 1257 4479 ‘etenim'
1270 4431 1362 4494 igitur:
1380 4432 1405 4479 G

179 4501 188 4526 ⁷
206 4495 356 4559 apostolici:
374 4497 487 4547 E.G.W.
630 4496 847 4560 nanticipantur:
868 4496 895 4544 G.
931 4495 1058 4544 ‘dicotur’
1077 4497 1143 4544 odd:
1164 4497 1192 4545 G.

179 4567 188 4593 ⁹
209 4561 344 4610 ‘et’0m.:
361 4562 392 4611 G.
418 4561 536 4611 ‘senon'
550 4561 663 4611 E.G.W.
