3014 5032
604 330 737 384 PRIMA
762 330 999 387 ADVENTUS.

459 438 482 491 Β
1115 442 1139 495 6

169 545 299 626 sestnm
338 544 408 626 aas
446 543 557 626 fuerit
571 566 583 609 .·
612 541 777 626 precedere
820 557 901 611 -tunc
913 547 1037 611 dicetur
1050 548 1085 612 in
1092 550 1164 632 fine
1178 549 1211 612 in
1221 550 1421 632 sempiterna

178 634 267 696 debet
289 632 478 696 memoriam
503 633 589 696 beate
610 634 776 716 uirginis:
825 637 943 700 secula.
990 637 1112 700 Amen.
1154 636 1343 711 iCustodi
1360 660 1420 701 nos

178 723 238 785 sed
276 721 369 803 iusra
406 730 536 784 octavas
566 723 666 784 suas¹
700 734 776 804 pre·
826 725 959 788 domine
975 735 1011 801 ut
1032 726 1192 807 pupillam
1209 726 1302 790 oculi.
1349 727 1421 791 Sub

178 811 264 873 cedet
288 810 443 872 memoria
466 810 506 872 a'e
527 809 682 874 domina:
711 810 779 874 nisi
826 813 944 875 umbra
975 813 1101 876 alarum
1128 824 1258 877 tuarum
1284 824 1421 897 protege

179 920 252 962 cum
288 899 328 961 a'e
363 919 396 960 ea
429 898 465 961 in
498 899 638 961 crastina
666 900 780 980 fuerit
827 922 896 964 nos.
956 902 998 964 In
1028 903 1189 984 euangelia
1226 912 1278 966 an.
1334 904 1421 967 Veni

178 987 385 1051 cantandum.
443 991 479 1064 '01
510 987 561 1050 Et
582 987 780 1068 generaliter
827 989 961 1052 domine
977 991 1109 1054 visitare
1133 1012 1192 1053 nos
1208 992 1241 1053 in
1258 1012 1361 1073 pace:
1386 1000 1422 1054 ut

180 1074 323 1159 quotidie
345 1073 438 1155 infra
461 1085 590 1138 octavas
617 1097 696 1138 suas
716 1077 780 1160 fiet
824 1076 968 1141 letemur
976 1099 1086 1141 coram
1103 1088 1136 1141 te
1152 1081 1250 1143 corde
1267 1079 1422 1161 perfectu.

179 1165 221 1228 de
234 1186 266 1226 ea
282 1163 437 1226 memoria
453 1172 521 1226 tam
544 1164 580 1226 in
602 1163 655 1227 die
675 1164 777 1227 domi·
819 1175 871 1247 pi.
898 1167 995 1229 Nunc
1022 1167 1171 1232 dimittis,
1225 1167 1382 1248 Sequitur
1401 1189 1423 1230 a

180 1253 255 1316 nica
270 1273 367 1334 quam
383 1251 530 1334 infestis
543 1264 726 1315 sanctarum
743 1254 778 1316 δ’
828 1253 918 1317 citare
944 1256 1140 1319 alternatim.
1199 1256 1423 1337 Kyrieleyson

174 1341 300 1424 feriis:
323 1361 394 1403 cum
408 1339 493 1403 deea
507 1361 570 1403 nan
585 1340 713 1404 dieitur.
828 1352 884 1406 ter.
931 1342 1062 1407 Christe
1074 1344 1210 1426 eleyson
1224 1355 1277 1407 ter.
1318 1345 1424 1425 Kyrie

225 1429 290 1492 Aa'
310 1428 543 1510 completorium
569 1438 622 1493 an.
677 1429 779 1492 Mise-
827 1431 963 1511 eleyson
989 1441 1058 1494 ter:
1084 1433 1118 1496 ἃ
1147 1432 1294 1513 sequitur
1320 1432 1424 1495 arretio

181 1538 253 1580 rere
290 1517 371 1579 mihi
409 1517 543 1580 domine
582 1516 611 1580 &
641 1518 777 1580 exaudi
827 1518 1032 1583 dominicalis
1067 1520 1185 1584 scilicet
1215 1521 1312 1583 Pater
1347 1542 1423 1583 nos-

182 1605 366 1669 orationem
383 1624 501 1668 meam.
517 1615 567 1686 pt.
585 1605 670 1670 Cum
686 1607 778 1668 invo·
828 1617 886 1671 ter.
933 1608 979 1670 Et
1016 1629 1057 1670 ne
1095 1630 1164 1673 nos.
1212 1609 1278 1673 Sed
1310 1608 1422 1673 libera.

183 1713 301 1758 carem.
318 1703 368 1775 pi.
386 1695 426 1756 In
441 1703 476 1757 te
491 1693 626 1756 domine
641 1694 777 1776 speravi.
828 1696 918 1772 tln
949 1717 1031 1778 pace
1053 1697 1087 1760 in
1111 1697 1144 1760 id
1168 1698 1285 1779 ipsum.
1336 1698 1421 1759 Dor-

183 1803 283 1864 usque
305 1783 345 1844 In
373 1802 489 1845 manus
514 1792 596 1845 tuas,
634 1792 684 1863 pi.
711 1782 777 1865 Qui
830 1785 930 1847 miam
970 1785 1008 1848 81.
1050 1784 1207 1866 Sequitur
1244 1785 1352 1850 Credo
1389 1787 1422 1848 in

183 1871 322 1933 habitat.
361 1879 410 1952 pi.
443 1870 531 1934 Ecce
569 1891 664 1934 nunc.
726 1870 781 1934 Hi
829 1873 936 1936 deum.
999 1872 1114 1937 Carnis
1145 1874 1423 1938 resurrectionem.

177 1958 320 2042 predicti
331 1958 463 2022 Psalmi
472 1959 626 2021 dicantur
638 1958 687 2021 aa'
698 1980 779 2021 cam·
830 1961 877 2024 Et
912 1961 1016 2023 vitam
1051 1971 1207 2025 eternam.
1247 1983 1352 2025 amen.
1397 1961 1423 2036 Ῠ

177 2048 353 2130 pletorium
376 2046 516 2129 quotidie
532 2057 727 2128 perannum
742 2048 781 2109 de
827 2050 1071 2113 ¹Benedicamus
1095 2060 1224 2132 patrem
1258 2060 1292 2130 et
1320 2050 1424 2113 filium

186 2156 367 2218 quacunque
380 2136 429 2218 fit
442 2136 636 2199 servitium:
656 2146 780 2217 preter·
829 2158 904 2200 eum
932 2147 1048 2200 sancto
1072 2140 1206 2220 spiritu:
1232 2139 1424 2202 Laudemus

185 2244 284 2307 quam
310 2245 332 2286 a
358 2245 432 2286 cena
453 2223 580 2288 damini
609 2245 708 2306 usqne
736 2223 784 2286 aa'
831 2226 1159 2308 &superexaltemus
1172 2247 1248 2290 eum
1260 2228 1292 2289 in
1304 2226 1423 2290 secula.

185 2322 316 2377 octavas
323 2312 446 2393 pasche.
588 2313 779 2394 Capitulum.
829 2302 1081 2378 llBenedictus
1105 2337 1139 2379 es
1159 2316 1293 2378 domine
1316 2316 1349 2376 in
1372 2315 1426 2376 fir-

196 2404 288 2534 T]
315 2402 348 2463 in
379 2401 475 2463 nobis
505 2422 541 2464 es
570 2400 779 2466 domine:&
832 2403 1087 2467 mamentoceli.
1133 2405 1179 2467 Et
1200 2403 1424 2467 laudabilis&

267 2510 389 2552 nomen
432 2499 584 2553 sanctum
617 2501 712 2553 tuum
748 2499 781 2552 et
831 2491 993 2573 gloriosus
1024 2500 1057 2554 et
1087 2492 1354 2574 superexaltatus
1392 2492 1426 2553 in

187 2579 367 2661 gloriosum
391 2578 580 2640 invocatum
605 2588 655 2641 est
685 2599 783 2660 super
833 2580 950 2642 secula.
985 2577 1011 2653 tl
1037 2581 1215 2645 Benedicat
1250 2590 1283 2644 et
1319 2589 1427 2644 custo-

188 2688 270 2730 nos:
294 2687 336 2729 ne
359 2666 569 2748 derelinquas
593 2688 653 2729 nos
676 2667 782 2730 domi·
833 2670 903 2732 diat
913 2688 973 2730 nos
983 2669 1427 2750 omnipotens&misericors

189 2777 231 2818 ne
256 2756 337 2819 deus
370 2764 488 2818 noster.
545 2757 620 2818 Deo
651 2757 782 2836 gratias
834 2757 995 2819 dominus.
1067 2757 1188 2819 Amen.
1256 2755 1281 2829 tl
1317 2756 1427 2822 Confi·

203 2846 294 2976 Te
305 2843 385 2906 lucis
398 2853 474 2906 ante
487 2844 598 2906 termi-
610 2843 783 2926 [Hymnus.
835 2845 951 2907 temini
974 2844 1110 2906 domino
1126 2845 1280 2926 quoniam
1299 2845 1427 2907 bonus:

267 2952 354 2994 *num
385 2953 492 2995 rerum
522 2941 651 2995 creator
681 2931 786 3013 posci·
838 2932 1005 3015 Quoniam
1026 2932 1059 2994 in
1076 2932 1223 2995 seculum
1247 2934 1428 2995 misericor-

190 3040 286 3082 mus:
325 3029 361 3082 ut
391 3019 488 3083 solita
525 3020 703 3084 clementia
741 3020 785 3081 sis
837 3023 893 3084 dia
909 3020 988 3101 ejus,
1031 3019 1192 3100 Confessio
1208 3031 1274 3083 tam
1289 3021 1337 3082 aa'
1348 3041 1428 3082 cam-

190 3107 300 3191 presul
337 3109 379 3171 ad
417 3109 610 3172 custodiam.
663 3107 787 3171 Procul
830 3110 1111 3192 pletoriumquam
1124 3108 1331 3190 adprimam.
1364 3108 1427 3171 Sa-

189 3197 346 3260 recedant
392 3198 521 3260 somnia
558 3207 592 3260 et
640 3197 788 3260 noctium
838 3197 952 3261 cerdas.

189 3285 392 3348 fantasmata
418 3284 615 3367 hostemque
639 3295 788 3348 nostrum
845 3284 1063 3419 Confiteor²
1086 3286 1150 3348 deo
1175 3285 1326 3349 &beate
1357 3306 1428 3347 ma·

177 3374 375 3455 *comprime
413 3395 455 3436 ne
488 3374 678 3456 polluantur
719 3394 787 3436 cor-
899 3374 960 3436 rie:
992 3374 1021 3437 81
1052 3375 1206 3437 omnibus
1231 3376 1368 3437 sanctis:
1395 3383 1429 3436 et

192 3460 283 3546 pora.
344 3462 466 3524 Presta
505 3472 600 3544 pater
639 3463 789 3544 omnipo·
839 3463 933 3526 vobis
945 3461 1080 3525 fratres:
1097 3464 1182 3545 quia
1197 3484 1260 3545 ego
1277 3472 1431 3545 peccator

193 3561 267 3615 tens
294 3570 352 3632 per
377 3551 491 3632 Jesum
530 3551 698 3616 Christum
730 3552 790 3613 do·
841 3551 974 3634 peccavi
985 3552 1082 3614 nimis
1093 3554 1207 3615 corde:
1224 3571 1431 3633 ore:opere:

195 3640 323 3702 minum
373 3639 429 3721 qui
478 3648 588 3702 tecum
636 3641 670 3702 in
718 3659 791 3720 per·
842 3640 1040 3704 omissione:
1075 3660 1150 3702 mea
1184 3640 1288 3721 culpa.
1351 3640 1433 3702 Ideo

194 3737 333 3811 petuum
385 3736 502 3808 regnat
551 3748 627 3791 cum
675 3736 791 3790 sancto
841 3748 957 3810 precor
979 3728 1155 3808 gloriosam
1172 3728 1225 3790 dei
1241 3728 1433 3810 genitricem

194 3817 320 3898 spiritu.
374 3814 497 3878 Amen.
554 3815 635 3880 Cum
671 3816 793 3879 dieitur
843 3817 996 3879 mariam:
1020 3816 1050 3879 ἃ
1071 3837 1186 3878 omnes
1206 3826 1336 3879 sanctos
1362 3816 1435 3878 dei:

196 3906 310 3968 Presta
341 3913 436 3986 pater
480 3904 633 3986 piissime.
704 3905 735 3966 T
732 3925 794 3966 nrm
843 3914 877 3968 et
892 3925 951 3966 vos
967 3924 1059 3967 orare
1076 3925 1135 3986 pro
1152 3926 1212 3968 me.
1305 3903 1435 3970 Charus.

196 3993 321 4058 dicetur
332 3994 367 4056 in
368 3993 440 4076 fine
451 3993 610 4074 Regnans
621 4013 680 4075 per
694 4013 792 4055 omne
944 3994 1101 4055 isereatur
1138 3993 1185 4055 tui
1226 3994 1436 4074 omnipotens

196 4081 352 4145 seculum.
401 4078 481 4146 Cum
491 4080 695 4144 diciturDeo
707 4082 792 4163 patri
828 4151 830 4156 ,
944 4081 1045 4143 deus:
1099 4081 1129 4144 ἃ
1184 4081 1331 4144 dimittat
1376 4081 1437 4143 tibi

197 4180 274 4232 tunc
297 4168 420 4231 dicetur
443 4170 479 4232 in
492 4171 564 4254 fine
584 4178 617 4233 et
644 4190 730 4232 nunc
760 4178 793 4232 et
844 4170 956 4232 omnia
971 4177 1107 4251 peccata
1123 4178 1199 4232 tua:
1223 4169 1338 4232 liberet
1350 4178 1382 4232 te
1395 4170 1438 4231 ab

197 4260 451 4339 imperpetuum.
499 4257 635 4336 Quande
674 4258 797 4320 dieitur
845 4259 935 4321 omni
966 4257 1055 4320 malo
1085 4266 1254 4321 conservet
1291 4267 1324 4320 et
1361 4278 1439 4319 con-

199 4346 382 4411 Gloriatibi
394 4346 574 4409 domine&
591 4348 679 4410 Laus
691 4347 797 4410 honor
845 4345 955 4410 firmet
977 4347 1010 4409 in
1034 4346 1123 4408 omni
1146 4367 1245 4428 opere
1268 4347 1377 4410 bono:
1410 4343 1439 4407 dt

334 4546 342 4576 ¹
363 4544 526 4595 ‘suaslom.:
542 4546 611 4596 E.G.
1026 4547 1036 4574 ²
1056 4544 1215 4594 Confitebor:
1232 4546 1273 4595 W.
1284 4560 1295 4572 „
