3014 5032
602 321 736 376 parua
756 319 992 388 narsaeus,
1090 304 1094 310 ’

466 430 506 485 13
1107 433 1148 487 14

178 546 330 602 montem
346 537 478 602 oliveti:
494 545 574 608 tunc
589 537 681 600 misit
693 536 778 599 duos
827 533 971 618 Qualia?
1000 537 1131 620 Diliges
1141 539 1313 604 dominum
1321 541 1422 604 deum

178 628 358 710 discipulos
370 628 483 690 dicens
500 627 565 690 eis:
591 627 642 689 Ite
659 625 691 688 in
707 646 778 689 cas·
827 633 923 688 tuum
961 646 1006 688 ex
1039 635 1110 690 toto
1141 629 1239 699 corde
1275 638 1353 694 tuo:
1393 630 1423 694 8ι

178 717 296 780 tellum
313 716 403 800 quod
420 725 608 801 contra-vos
627 723 685 778 est.
732 714 778 777 Et
827 714 1017 795 proximum
1038 725 1134 778 tuum
1157 716 1290 780 sicutte
1305 718 1422 800 ipsum.

179 805 315 886 reliqua.
829 801 1006 865 Invenietis
1017 803 1287 885 inquitdominus
1297 807 1423 870 asinam

226 893 352 958 Oucclia
368 891 452 956 beati
468 891 634 966 Joleauuis
648 890 781 973 episcopi
828 889 1017 970 alligatam:
1049 891 1079 954 ἃ
1109 892 1237 974 pullum
1268 915 1343 959 cum
1375 917 1422 959 ea.

178 980 339 1044 decadem
355 980 486 1045 lectione.
598 979 706 1042 Lectio
721 980 779 1061 vij.
827 977 988 1042 Asina&
1020 978 1149 1060 pullus:
1176 980 1269 1062 judei
1292 993 1369 1046 sunt
1393 984 1426 1047 St

177 1069 573 1202 Frequenterquidem
583 1069 674 1131 venit
683 1069 778 1149 Jesus
828 1075 953 1147 gentes.
997 1067 1106 1148 Judea
1129 1069 1217 1131 enim
1241 1072 1423 1135 secundum

257 1160 290 1220 in
314 1157 530 1221 hierusalem:
553 1157 638 1219 sicut
659 1156 779 1237 johan·
828 1154 947 1218 deum:
971 1165 1077 1219 mater
1092 1166 1142 1219 est
1157 1160 1316 1240 gentium.
1351 1160 1424 1224 Sol-

179 1268 240 1310 nes
270 1256 430 1310 testatur:
466 1265 636 1326 nunquam
666 1253 778 1307 tamen
827 1243 895 1305 vite
939 1243 1055 1325 inquit.
1113 1244 1318 1327 Quomodo?
1363 1249 1425 1312 Per

179 1336 242 1398 sibi
270 1334 420 1398 adhibuit
445 1333 625 1396 ministeria
648 1333 779 1415 jumen·
827 1330 1011 1394 doctrinam
1036 1342 1179 1396 vestram
1208 1335 1237 1398 81
1268 1336 1425 1400 miracula

179 1434 313 1487 torum:
338 1444 397 1487 nec
421 1442 586 1485 ramorum
602 1421 778 1484 virentium
828 1428 956 1484 vestra:
1000 1421 1077 1502 quia
1114 1443 1230 1486 omnes
1263 1423 1355 1506 judei
1394 1425 1424 1489 8ι

179 1514 267 1576 circa
297 1533 332 1574 se
361 1520 556 1574 ornamenta
585 1510 778 1573 constituit:
827 1517 944 1589 gentes
968 1529 1028 1590 per
1051 1511 1218 1591 apostolos
1243 1522 1320 1576 sunt
1345 1514 1426 1577 libe-

179 1621 241 1663 nec
277 1601 320 1663 ad
347 1599 525 1663 terribilem
552 1599 684 1661 laudem
721 1619 779 1660 sue
828 1596 899 1659 rati.
943 1597 1113 1661 Adducite
1137 1600 1217 1663 mihi
1244 1601 1285 1663 ad
1313 1603 1426 1666 minis-

179 1689 362 1752 divinitatis
378 1689 506 1751 animos
525 1687 637 1769 populi
653 1687 780 1750 excita·
828 1684 966 1748 terium:
990 1685 1024 1748 id
1041 1688 1148 1750 estad
1164 1687 1304 1770 gloriam
1326 1691 1425 1754 corri-

179 1778 243 1842 vit:
260 1778 322 1840 nisi
338 1776 439 1839 modo
449 1776 583 1859 quando
599 1785 635 1838 ut
651 1784 778 1857 patere·
827 1773 896 1853 gite
934 1773 1015 1837 illos.
1067 1776 1123 1839 Re.
1162 1777 1323 1840 Letentur
1363 1779 1424 1842 celi

183 1876 239 1930 tur
266 1865 421 1929 ascendit.
475 1865 532 1927 Rc.
560 1864 649 1927 Ecce
685 1865 778 1946 virgo
829 1860 1004 1927 &exultet
1019 1872 1123 1928 terra:
1142 1864 1282 1945 jubilate
1294 1877 1424 1931 montes

179 1955 345 2036 concipiet
374 1953 534 2035 &pariet
564 1952 668 2014 filium
699 1953 779 2015 dicit
827 1949 980 2015 laudem:
1014 1952 1093 2034 quia
1129 1953 1283 2017 dominus
1313 1965 1425 2019 noster

180 2044 344 2107 dominus.
392 2043 440 2105 Et
462 2041 634 2105 vocabitur
656 2061 778 2104 nomen
826 2038 945 2101 veniet.
1002 2039 1047 2102 Et
1076 2062 1260 2123 pauperum
1290 2064 1424 2108 suorum

180 2131 253 2213 ejus
276 2130 478 2194 admirabilis
503 2130 584 2192 deus
609 2129 710 2193 fortis.
755 2146 778 2215 y
828 2126 1043 2191 miserebitur.
1088 2129 1270 2215 pOrietur
1298 2132 1331 2195 in
1355 2133 1425 2196 die-

182 2221 291 2303 Super
320 2218 439 2282 solium
477 2219 574 2281 david
615 2218 644 2281 81
682 2239 780 2300 super
827 2215 889 2277 bus
914 2215 984 2297 ejus
1008 2217 1137 2297 justitia
1161 2226 1194 2281 et
1221 2220 1425 2284 abundantia

180 2329 319 2390 regnum
336 2307 408 2388 ejus
423 2307 552 2370 sedebit
570 2306 602 2368 in
619 2315 777 2370 eternum.
828 2303 926 2384 pacis
973 2304 1019 2366 Et
1049 2326 1239 2388 pauperum.
1285 2309 1424 2390 Respon-

181 2399 228 2460 Et
244 2396 424 2460 vocabitur.
587 2395 693 2458 Lectio
708 2395 777 2476 viij.
827 2391 950 2453 serium
980 2393 1197 2475 reincipiatur.
1241 2397 1293 2460 Et
1313 2398 1360 2461 sic
1389 2399 1424 2460 iu

180 2486 293 2619 ldeo
308 2505 386 2567 ergo
402 2505 478 2547 cum
494 2491 588 2546 tanta
598 2482 704 2564 gloria
714 2483 776 2546 est¹
827 2480 974 2543 omuibus
987 2482 1089 2561 festis
1111 2483 1148 2546 iu
1174 2484 1340 2549 lectionum
1364 2488 1425 2550 du·

232 2575 415 2654 ingressus:
437 2581 474 2635 ut
490 2571 631 2654 amplius
648 2571 778 2634 illorum
820 2568 960 2648 plicibus
983 2571 1017 2634 d
1039 2570 1263 2652 simplicibus:
1295 2585 1362 2638 taru
1386 2576 1427 2638 de

180 2664 337 2726 adversus
359 2682 395 2724 se
417 2661 578 2723 excitaret
601 2661 779 2724 invidiam:
829 2657 996 2737 temporali
1009 2679 1106 2738 quam
1128 2661 1169 2722 de
1181 2663 1282 2740 sestis
1303 2673 1425 2725 saucto-

181 2752 261 2833 quia
280 2751 350 2831 jam
373 2758 505 2831 tempus
528 2749 689 2830 passionis
709 2747 779 2829 ejus
829 2766 924 2807 ruru:
939 2747 1425 2833 quaudououdiciturpsalucus

181 2839 346 2902 instabat:
371 2838 483 2901 &non
500 2856 587 2899 mors
598 2856 673 2898 eum
684 2856 779 2917 urge·
828 2833 878 2895 Te
898 2832 1005 2896 deum.
1054 2835 1228 2899 Sciendum
1250 2847 1297 2900 est
1317 2849 1424 2903 autem

180 2929 259 2991 bat:
283 2928 340 2989 sed
368 2927 437 3008 ipse
468 2926 575 3006 magis
605 2926 778 2987 adversum
827 2920 914 3000 quod
944 2940 1109 3002 uunquam
1140 2925 1176 2987 iu
1205 2924 1344 2988 adventu
1376 2927 1429 2990 vel

180 3038 217 3079 se
227 3014 448 3097 compellebat
458 3023 608 3076 mortem.
634 3012 778 3094 Quando
829 3009 863 3070 iu
897 3010 1129 3090 septuagesima
1166 3012 1245 3089 sive
1274 3015 1309 3078 iu
1345 3036 1425 3097 qua-

177 3125 258 3168 vero
278 3103 369 3184 judei
402 3102 569 3166 Christum
603 3101 778 3164 voluerunt
827 3096 1013 3178 dragesima
1056 3099 1144 3162 debet
1190 3100 1258 3165 dici
1287 3112 1335 3184 ps.
1374 3104 1425 3167 Te

177 3194 349 3266 occidere:
393 3201 529 3272 tangere
582 3210 657 3252 eum
711 3210 777 3252 non
827 3186 934 3250 deum.
957 3186 1006 3248 ad
1018 3187 1206 3253 matutinas.
1251 3191 1425 3273 Responsa-

177 3288 365 3364 potuerunt.
452 3278 596 3361 Quando
664 3287 775 3340 autem
827 3274 915 3336 rium
949 3274 1093 3354 feriale.³
1145 3277 1205 3342 Re.
1237 3279 1425 3364 Erumpant

179 3370 331 3435 Christus
368 3376 499 3431 secutus
532 3375 582 3428 est
613 3375 775 3430 mortem:
826 3371 956 3425 montes
982 3361 1246 3444 jocunditatem:
1276 3377 1309 3432 et
1326 3370 1426 3433 colles

178 3477 313 3541 parcere
336 3457 365 3519 ei
385 3456 477 3538 judei
498 3475 564 3516 non
587 3463 774 3536 potuerunt.
822 3451 994 3532 justitiam.
1040 3452 1128 3534 Quia
1143 3453 1202 3516 lux
1229 3458 1343 3520 mundi
1366 3458 1425 3520 do·

179 3548 236 3609 Rc.
283 3545 431 3609 Obsecro
478 3544 634 3607 domine:
679 3544 775 3606 mitte
826 3540 934 3602 minus
964 3559 1039 3602 cum
1074 3544 1225 3623 potentia
1254 3547 1352 3609 venit.
1400 3565 1425 3634 p

180 3655 281 3717 quem
307 3633 465 3695 missurus
491 3652 545 3694 es:
571 3631 647 3693 vide
676 3631 776 3694 afflic-
828 3628 918 3690 Leva
941 3626 1137 3692 hierusalem
1160 3631 1293 3695 oculos:
1322 3643 1356 3697 et
1376 3637 1424 3698 vi-

180 3726 305 3788 tionem
318 3721 432 3803 populi
448 3721 504 3783 tui.
544 3718 637 3784 Sicut
649 3719 777 3783 locutus
828 3716 870 3778 de
902 3717 1085 3797 potentiam
1117 3720 1213 3800 regis.
1258 3721 1354 3803 Quia„
1400 3741 1424 3809 p

181 3833 217 3875 es
232 3811 307 3874 veni
323 3819 356 3873 et
373 3809 474 3871 libera
490 3828 559 3871 nos.
604 3807 684 3893 pA
700 3808 777 3870 solis
828 3804 956 3867 Emitte
972 3825 1101 3886 agnum¹
1117 3807 1251 3871 domine
1274 3812 1424 3874 domina-

181 3910 255 3963 ortu
281 3899 311 3962 dt
334 3918 471 3961 occasu:
495 3896 537 3959 ab
561 3896 714 3978 aquilone
744 3905 778 3959 et
828 3900 934 3955 torem
968 3901 1061 3957 terre.
1107 3895 1161 3957 De
1188 3907 1280 3978 petra
1304 3900 1423 3963 deserti

183 3988 274 4051 mari.
320 3987 413 4051 Sicut
433 3986 570 4049 locutus.
615 3984 719 4047 Lectio
734 3985 777 4048 ix.
829 3980 872 4043 ad
897 3990 1045 4044 montem
1076 3982 1142 4045 filie
1164 4004 1256 4065 syon.
1302 3988 1353 4049 Et
1373 3990 1424 4051 di-

181 4075 338 4210 Duos²
354 4084 465 4137 autem
479 4072 656 4155 discipulos
673 4072 779 4135 domi·
828 4068 943 4132 crudus
979 4079 1026 4131 cst
1061 4069 1120 4133 iste
1148 4074 1323 4137 versiculus
1352 4089 1427 4140 aute

260 4185 321 4226 nus
337 4164 445 4226 misit:
469 4162 547 4244 quia
565 4182 623 4244 per
641 4161 707 4224 duo
723 4181 779 4243 ge·
828 4157 939 4221 laudes
953 4158 1094 4239 quotidie
1106 4163 1263 4240 usquead
1274 4163 1424 4245 vigiliam

182 4252 307 4318 neralia
344 4251 503 4314 mandata
540 4271 638 4313 omne
675 4270 779 4332 genus
830 4247 952 4309 natalis
968 4247 1114 4311 domiui:
1137 4270 1208 4311 cum
1230 4251 1269 4313 dc
1285 4253 1425 4317 adveatu

182 4345 364 4407 humanum
403 4361 424 4404 a
460 4348 597 4422 peccato
629 4338 778 4402 absolvit.
829 4335 950 4417 agitur.
995 4337 1037 4398 [u
1053 4336 1205 4401 laudibus
1219 4340 1400 4422 autc'plcoua.

222 4546 229 4575 ¹
250 4543 381 4593 ‘est'om
397 4560 403 4592 :
421 4540 534 4591 E.G.W.
634 4540 644 4569 ²
662 4539 747 4599 Quos:
765 4537 805 4586 W.
908 4536 918 4564 ³
937 4533 996 4582 ‘Ad
1005 4542 1064 4584 rarat.
1080 4537 1149 4600 Resp.
1157 4536 1219 4601 fer.'
1232 4554 1278 4589 one.
1294 4556 1303 4589 :
1320 4541 1353 4598 E,
1361 4541 1389 4590 G.
