3014 5032
598 292 732 347 PRIMA
758 291 993 347 ADVENTUS.

456 403 496 455 17
1103 401 1146 457 18

179 506 307 571 tutinus
328 507 396 571 uisi
419 506 453 570 iu
475 505 645 571 dominicis
666 506 777 571 diebus
827 505 974 571 malum:
997 515 1031 570 'et
1046 506 1166 588 eligere
1180 506 1313 572 bonum.
1358 508 1416 573 Re.

179 618 201 658 a
216 598 275 658 lux
295 618 393 678 usque
411 597 459 659 ao'
470 595 615 677 parilia:
636 595 694 658 ubi
713 595 776 659 loco
827 595 936 677 Super
964 603 997 658 te
1026 595 1248 661 hierusalem:
1288 597 1421 661 Orietur

180 685 394 750 Confitemini
455 685 578 747 eluitur
626 684 777 764 psalmus
825 684 988 746 dominus.
1033 682 1128 757 lEt
1157 683 1261 765 gloria
1278 686 1359 767 ,ejus
1385 687 1419 748 in

179 774 347 836 Dominus
363 774 510 855 regnavit
523 772 683 837 decorem.
707 773 774 836 Ari.
825 780 859 834 te
882 771 1055 835 videbitur.
1101 772 1233 836 Orietur
1255 774 1419 838 dominus,

178 862 230 925 Te
254 864 353 925 deum
376 871 513 943 patrem.
551 870 601 942 pt.
628 859 775 941 Quicun-
826 859 939 923 Gloria
953 860 1048 941 patri.
1093 860 1199 943 Super
1214 871 1255 925 te.
1300 862 1420 938 leo-

178 970 253 1032 que.
304 960 336 1012 et
355 959 454 1012 cetera
473 949 557 1011 sieut
578 949 774 1011 iuveuietur¹
825 949 915 1012 mine
951 948 1034 1010 deus
1070 949 1228 1012 virtutum
1266 959 1420 1013 converte

178 1039 214 1099 iu
222 1038 387 1119 psalterio.
419 1038 482 1101 At
493 1037 623 1099 tertiam
638 1037 775 1118 lrymuus
815 1056 893 1101 nos.
940 1037 985 1099 Et
1004 1037 1142 1100 ostende
1164 1038 1281 1100 faciem
1302 1047 1418 1103 tuam:

178 1127 279 1190 Nunc
296 1136 409 1190 sancte
425 1127 520 1189 nobis
535 1125 684 1207 Spiritus.
707 1126 774 1190 Art.
824 1134 858 1188 et
873 1123 956 1187 salvi
972 1126 1100 1188 erimus.
1146 1126 1217 1189 Hec
1239 1127 1306 1190 trio
1331 1127 1416 1208 capi-

177 1215 375 1297 Jocundare.
412 1223 462 1294 pt.
501 1215 627 1296 Legem
644 1233 738 1295 pone.
823 1214 895 1276 tula
912 1213 1092 1295 prescripta
1119 1234 1190 1276 cum
1211 1216 1417 1294 'responsoriis

247 1304 279 1365 ui
294 1312 451 1366 venturus
470 1311 520 1365 est
535 1303 666 1366 veniet:
685 1300 772 1384 [Cap.
822 1301 1022 1382 sequentibus
1057 1301 1212 1364 dicautur
1242 1303 1290 1364 ad
1318 1303 1417 1365 leoras

183 1304 280 1469 Qet
296 1412 361 1453 non
374 1391 537 1454 tardabit:
552 1390 620 1470 jam
634 1409 700 1453 non
713 1392 774 1453 erit
822 1390 964 1471 singula
982 1389 1114 1453 diebus:
1139 1411 1209 1452 mm
1225 1392 1264 1453 a'e
1276 1390 1417 1453 aduentu

176 1479 277 1547 timor
288 1480 320 1542 in
333 1478 452 1541 finibus
462 1480 600 1542 nostris:
617 1479 772 1561 quoniam
822 1480 959 1559 agitem:
982 1499 1080 1559 usque
1097 1479 1146 1541 aa'
1163 1479 1314 1561 vigiliam
1330 1480 1415 1542 uati-

177 1568 248 1648 ipse
286 1577 335 1631 est
372 1567 515 1630 salvator
553 1576 672 1630 noster.
716 1567 772 1631 Re.
823 1566 937 1629 uitatis
951 1567 1083 1630 domiui.
1210 1613 1224 1631 μ

177 1655 265 1719 Veni
292 1657 334 1719 ad
361 1655 566 1718 liberandum
597 1676 676 1719 nos:
704 1657 773 1718 Do·
864 1654 927 1717 Ao'
956 1665 1108 1736 vesperas.
1156 1655 1341 1736 Antiphone
1379 1656 1419 1718 de

179 1745 267 1807 mine
291 1746 372 1807 deus
390 1745 557 1807 virtutum.
601 1744 694 1830 yEt
721 1765 772 1806 os·
821 1742 972 1806 laudibus
993 1764 1064 1805 cum
1078 1743 1219 1824 psalmis
1241 1744 1416 1807 dominica-

177 1833 278 1896 tende
289 1833 501 1896 laciemtuam
512 1841 545 1895 et
555 1832 635 1895 salvi
645 1833 773 1896 erimus.
821 1831 913 1895 libus.
1219 1831 1412 1914 Capitulum.

178 1921 324 1984 Domine
370 1923 459 1984 deus
515 1920 627 1985 Gloria
678 1922 772 2003 patri.
873 1940 893 1982 n
931 1920 1047 1983 diebus
1088 1919 1176 1984 illis:
1227 1920 1416 1985 Salvabitur

176 2010 264 2073 Veni
297 2009 347 2072 ad.
393 2026 417 2095 y
443 2009 624 2073 Timebunt
657 2018 773 2091 gentes
863 2008 963 2088 juda:
987 2018 1020 2071 et
1043 2009 1137 2071 israel
1160 2008 1323 2072 habitabit
1337 2029 1415 2071 con-

177 2118 298 2160 nomen
315 2106 408 2160 tuum
424 2098 566 2160 domine.
602 2098 647 2160 Et
658 2118 773 2160 omnes
823 2096 963 2159 fidenter
978 2105 1012 2159 et
1031 2097 1093 2159 hoc
1110 2107 1159 2160 est
1182 2117 1303 2160 nomen
1323 2097 1414 2179 quod

178 2207 272 2268 reges
289 2195 373 2249 terre
387 2186 526 2268 gloriam
552 2195 652 2248 tuam.
700 2186 772 2249 Oro.
822 2185 989 2248 vocabunt
1019 2206 1094 2248 eum
1125 2186 1278 2248 dominus
1305 2186 1414 2268 justus

180 2275 304 2339 Excita
334 2275 486 2337 domine:
509 2296 568 2356 que
585 2274 709 2335 dr'cetur
730 2273 778 2336 acl
823 2283 941 2338 noster.
992 2274 1064 2337 Hoc
1083 2274 1257 2356 capitulum
1287 2274 1418 2337 dicatur

178 2363 276 2426 loros
313 2374 376 2444 per
410 2372 511 2425 totam
536 2363 772 2444 septimanam.²
823 2361 871 2424 aa'
889 2383 995 2425 omues
1017 2374 1162 2444 vesperas
1181 2362 1297 2425 obleiuc
1318 2384 1417 2444 usque

178 2450 241 2514 At
277 2461 400 2513 sextam
437 2450 582 2530 lymuus.
651 2451 775 2515 Rector
823 2451 871 2512 ao'
897 2451 1048 2531 vigiliam
1079 2451 1264 2513 nativitatis
1292 2452 1418 2514 domiui

179 2548 306 2622 potens.
336 2540 402 2603 Ari.
435 2540 522 2602 Ecce
538 2539 697 2601 dominus¹
722 2549 773 2619 pt.
822 2560 894 2601 eum
908 2540 1235 2620 deadveutuogitur.
1281 2540 1338 2603 Re.
1363 2541 1415 2602 Tu

181 2628 320 2692 Defecit.
581 2627 773 2708 Capitulum.
824 2648 989 2708 exurgens
1019 2629 1173 2690 domine:
1209 2629 1416 2698 Misereberis

179 2720 335 2848 Prope
365 2725 415 2779 est
445 2724 482 2778 ut
506 2717 616 2778 veniat
642 2726 774 2797 tempus
825 2736 916 2797 syon.
962 2712 987 2786 l
1026 2715 1112 2798 Quia
1143 2724 1274 2797 tempus
1304 2718 1416 2779 miser-

248 2805 335 2885 ejus:
358 2813 391 2866 et
414 2805 485 2868 dies
507 2805 578 2885 ejus
602 2825 668 2867 non
684 2804 773 2866 elon·
824 2803 900 2866 endi
931 2804 1020 2885 ejus:
1052 2804 1130 2886 quia
1158 2806 1248 2867 venit
1278 2813 1418 2886 tempus,

180 2893 366 2976 gabuntur:
397 2893 601 2956 miserebitur
621 2893 774 2956 dominus
826 2891 1041 2955 Misereberis
1088 2891 1209 2954 Gloria.
1247 2893 1299 2954 Tu
1319 2913 1417 2954 exur-

177 2981 298 3062 jacob:
321 2991 354 3044 et
370 2981 465 3044 israel
484 2981 671 3044 salvabitur.
716 2981 773 3044 Re.
824 3000 914 3062 gens
970 2980 1042 3043 Hoe
1069 2980 1316 3061 Responsorium
1345 3001 1417 3042 cum

182 3069 332 3135 Ostende
366 3071 461 3132 nobis
480 3071 615 3133 domine
647 3069 774 3132 Miseri·
825 3069 977 3131 versiculo
1009 3078 1041 3130 et
1071 3068 1183 3131 Gloria
1212 3070 1298 3150 patri
1334 3068 1419 3130 sicut

181 3159 328 3221 cordiam
353 3167 454 3222 tuam.
504 3157 529 3231 t
562 3159 607 3221 Et
632 3158 774 3221 salutare
816 3157 1016 3239 procedentia
1041 3157 1237 3237 responsorio
1261 3157 1309 3220 ao'
1319 3156 1417 3219 liores

180 3256 275 3310 tuum
293 3247 337 3309 da
355 3247 457 3310 nobis.
505 3247 772 3311 Misericordiam.
824 3246 946 3309 dr'citur
973 3246 1018 3307 et4
1048 3245 1188 3327 quotidie
1208 3256 1270 3326 per
1298 3247 1416 3308 adom-

182 3334 295 3399 Gloria
311 3337 405 3417 patri.
452 3335 607 3399 Ostende.
653 3336 774 3410 lMe-
826 3344 894 3396 tum
911 3357 922 3397 .·
968 3354 1039 3396 crim
1069 3334 1108 3395 de
1136 3335 1275 3401 aduentu
1304 3335 1419 3414 agitur

182 3433 295 3486 mento
323 3423 426 3487 nostri
456 3424 590 3486 domine
612 3424 645 3486 in
676 3424 774 3486 bene·
824 3422 983 3504 usquead
995 3422 1145 3503 vigiliam
1162 3423 1348 3485 nativitatis
1361 3425 1417 3485 do-

180 3512 304 3594 placito
335 3512 448 3594 populi
479 3513 535 3574 tui.
580 3513 689 3575 Visita
714 3532 775 3574 nos
825 3512 930 3574 mini:
952 3520 1160 3592 preterquam
1200 3512 1236 3573 iu
1276 3511 1415 3574 sabbato.

181 3603 216 3663 in
233 3600 366 3663 salutari
382 3609 448 3664 tuo,
490 3600 603 3663 Oratio
618 3610 656 3663 ut
669 3611 775 3682 supro.
827 3601 986 3679 Hymnus.
1056 3598 1214 3663 Conditor
1251 3599 1344 3663 alme.
1390 3596 1416 3671 ll

226 3689 425 3751 nunonem
454 3688 601 3768 lrymnus.
651 3690 775 3751 Rerum
828 3689 952 3750 Rorate
985 3686 1055 3750 celi.
1099 3685 1141 3748 Iu
1171 3689 1333 3768 evaugelio
1363 3697 1415 3749 ari.

182 3778 275 3841 deus.
293 3776 358 3840 Ari.
382 3778 598 3841 Ecceveniet.
611 3785 661 3858 pi.
676 3777 776 3840 Mira·
827 3778 880 3838 Ne
895 3776 1013 3838 timeas
1032 3776 1152 3838 maria:
1177 3776 1327 3838 invenisti
1344 3796 1417 3857 gra-

181 3865 262 3928 bilia
274 3867 464 3928 testimonia
476 3875 542 3928 tua.
583 3864 775 3946 Capitulum.
827 3865 906 3927 tiam
924 3864 1011 3945 apud
1029 3864 1221 3927 dominum:
1245 3885 1319 3927 ecce
1340 3885 1417 3926 con-

256 3975 313 4016 cce
328 3954 420 4035 virgo
438 3954 601 4035 concipiet
616 3963 649 4016 et
673 3955 776 4034 pariet
826 3953 926 4034 cipies
943 3962 976 4015 et
992 3953 1098 4033 paries
1114 3951 1225 4015 filium.
1263 3952 1416 4015 Alleluia.

257 4041 379 4104 filium:
400 4052 433 4105 et
460 4043 631 4106 vocabitur
655 4062 775 4104 nomen
818 4051 869 4122 pt.
901 4040 1103 4122 Magnificat.
1138 4040 1259 4104 Oratio.
1295 4042 1419 4104 Excita

182 4130 254 4210 ejus
271 4130 460 4193 emanuel³:
483 4131 641 4212 butyrum
662 4139 694 4192 et
711 4130 776 4192 mel
827 4130 969 4193 domine.
1030 4127 1195 4192 Memoria
1234 4130 1273 4192 de
1307 4140 1419 4192 sancta

183 4221 361 4282 comedet:
408 4228 444 4282 ut
482 4221 564 4283 sciat
602 4218 776 4300 reprobare
827 4218 944 4281 maria.
988 4218 1053 4280 Ari.
1101 4218 1205 4280 Beata
1237 4238 1271 4279 es
1294 4219 1419 4281 maria:

267 4423 273 4450 ¹
291 4421 433 4470 invertitur:
450 4421 483 4469 E.
491 4420 567 4470 G.W.
856 4422 866 4448 ³
883 4418 1049 4467 Emmanuel:
1068 4417 1098 4466 E.

266 4489 276 4516 ²
287 4494 335 4549 pro
349 4487 466 4550 ‘septim'
480 4487 667 4535 hebdomadam:
688 4486 715 4534 G.
857 4488 866 4515 ⁴
881 4492 928 4547 pro
944 4485 989 4533 ‘et’
1002 4485 1037 4532 ad
1045 4492 1154 4548 vesperas
1163 4500 1171 4534 .·
1187 4486 1221 4534 E.
1229 4485 1257 4534 G.
1267 4486 1305 4533 W.

1273 4590 1294 4640 C
