3014 5032
446 293 654 349 DOMINICA
684 292 849 362 QUARTA
876 293 1114 348 ADVENTUS.

443 403 489 455 67
1080 401 1130 456 68

167 492 376 590 congregabo
413 515 455 571 te.
507 507 552 570 Et
589 515 629 570 tu
664 506 759 570 israel
811 517 883 571 tum
914 517 948 571 et
979 508 1105 590 lignum
1136 507 1231 571 olive.
1277 507 1408 571 Ponam

168 618 260 660 serve
291 616 383 659 meus
410 596 509 676 jacob
545 616 644 678 quem
674 596 758 677 elegi
811 598 844 659 in
860 599 1025 660 desertum
1042 597 1162 672 olivam
1184 596 1326 659 abietem
1346 598 1408 662 Ul-

84 718 85 721 *
169 706 282 748 semen
316 683 474 748 abraham
504 684 601 747 amici
632 685 696 747 mei
727 686 760 747 in
811 706 902 747 mum
920 694 952 748 et
968 686 1096 748 buxum
1119 685 1235 748 simul:
1261 694 1298 748 ut
1314 686 1407 749 vide-

169 794 235 855 quo
256 772 459 853 apprehendi
481 781 515 835 te
538 773 580 835 ab
603 773 761 836 extremis
811 784 869 836 ant
885 782 918 836 et
933 774 1037 836 sciant
1053 782 1086 836 et
1098 774 1244 854 cogitent
1260 782 1294 835 et
1310 774 1407 837 intel-

170 871 275 924 terre:
300 870 333 924 et
358 882 378 923 a
401 861 588 943 longinquis
611 861 681 942 ejus
704 882 760 923 vo·
811 862 914 944 ligent
936 864 1077 943 pariter:
1105 862 1182 943 quia
1205 882 1322 924 manus
1345 864 1407 925 do-

171 950 241 1013 cavi
271 958 325 1013 te:
364 958 397 1012 et
428 950 499 1012 dixi
529 949 598 1012 tibi.
659 949 761 1014 Serve
812 951 891 1012 mini
914 951 991 1012 fecit
1014 950 1074 1013 hec
1098 959 1130 1013 et
1153 959 1287 1012 sanctus
1308 951 1407 1014 israel

171 1058 263 1100 meus
279 1036 363 1120 elegi
379 1046 434 1101 te:
465 1046 499 1100 et
514 1058 581 1101 non
598 1036 702 1118 abjeci
718 1047 760 1101 te.
811 1039 932 1101 creavit
948 1037 1039 1101 illud.
1085 1039 1190 1119 Prope
1206 1039 1304 1101 facite
1316 1038 1406 1118 judi-

171 1127 230 1207 Ne
240 1127 357 1189 timeas
374 1127 452 1208 quia
474 1134 584 1190 tecum
600 1147 673 1188 sum
689 1145 760 1208 ego,
810 1129 898 1189 cium
935 1137 1080 1190 vestrum
1124 1127 1203 1190 dicit
1249 1128 1407 1190 dominus

169 1214 221 1279 Ne
257 1215 426 1278 declines:
464 1215 543 1296 quia
579 1234 642 1296 ego
679 1216 762 1277 deus
812 1216 926 1278 afferte
963 1217 989 1277 si
1036 1215 1115 1296 quid
1153 1215 1282 1277 habetis
1320 1215 1407 1279 forte

170 1311 255 1368 tuus.
301 1302 493 1367 Consortavi
516 1311 550 1365 te
573 1312 606 1367 et
622 1303 761 1366 auxilia·
812 1304 892 1367 dicit
922 1325 982 1366 rex
1010 1303 1117 1385 jacob.
1164 1302 1341 1367 Accedant
1372 1314 1406 1368 et

170 1400 224 1454 tus
248 1412 321 1454 sum
349 1391 417 1454 tui:
451 1399 484 1453 et
508 1391 636 1472 suscepi
663 1399 697 1454 te
721 1391 763 1453 de
813 1393 963 1455 nuntient
991 1393 1085 1455 nobis
1109 1412 1303 1474 quecunque
1327 1413 1406 1455 ven-

169 1489 256 1542 terra
277 1480 358 1561 justi
386 1480 459 1542 mei.
511 1479 598 1543 Ecce
628 1478 762 1542 consun-
812 1490 886 1543 tura
917 1488 1001 1543 sunt.
1048 1481 1162 1543 Priora
1185 1501 1249 1562 que
1273 1480 1406 1544 fuerunt

170 1569 291 1630 dentur
306 1578 340 1631 et
356 1568 548 1630 erubescent
570 1568 762 1647 omnesqui
813 1571 985 1632 nunciate:
1011 1578 1044 1631 et
1067 1589 1228 1649 ponemus
1251 1588 1307 1631 cor
1329 1589 1406 1633 nos-

171 1666 322 1738 pugnant
348 1655 521 1718 adversum
548 1677 610 1719 me.
656 1657 763 1718 Erunt
812 1667 899 1719 trum
937 1666 971 1720 et
1008 1657 1155 1720 sciemus.
1215 1657 1407 1720 Novissima

172 1746 265 1826 quasi
282 1765 347 1806 non
369 1745 453 1808 sint:
477 1752 510 1806 et
530 1745 681 1825 peribunt
702 1745 761 1808 viri
813 1766 926 1808 eorum
950 1754 983 1807 et
1008 1766 1073 1827 que
1095 1755 1233 1808 ventura
1255 1755 1334 1808 sunt
1356 1747 1405 1808 in-

172 1834 228 1914 qui
260 1833 487 1895 contradicent
519 1834 588 1896 tibi.
635 1831 762 1914 Queres
812 1835 920 1897 dicate
954 1834 1074 1896 nobis:
1109 1834 1308 1897 annunciate
1340 1855 1406 1916 que

172 1941 229 1983 eos
245 1930 279 1984 et
294 1941 360 1983 non
373 1922 516 1983 invenies
528 1921 614 1984 viros
625 1921 763 1984 rebelles
812 1931 950 1985 ventura
965 1930 1041 1984 sunt
1057 1930 1090 1985 et
1113 1922 1257 1984 futurum
1274 1931 1308 1985 et
1324 1924 1404 1985 scie-

172 2019 255 2074 tuos.
317 2010 423 2072 Erunt
453 2010 547 2092 quasi
578 2029 644 2073 non
674 2010 762 2074 sint:
814 2031 886 2073 mus
913 2012 991 2092 quia
1014 2010 1060 2073 dii
1091 2011 1169 2073 estis
1199 2031 1266 2074 vos.
1314 2011 1405 2074 Bene

173 2106 206 2160 et
235 2096 338 2161 veluti
375 2097 583 2178 consumptio
620 2097 763 2160 hominis
813 2119 944 2181 quoque
972 2107 1029 2161 aut
1056 2098 1142 2161 male
1168 2119 1233 2160 non
1265 2101 1405 2180 potestis

171 2185 325 2249 bellantis
340 2185 513 2249 adversum
529 2194 583 2250 te:
607 2187 685 2267 quia
701 2206 764 2267 ego
813 2188 937 2251 facere:
961 2197 994 2250 et
1005 2188 1178 2268 loquamur
1187 2196 1219 2249 et
1231 2186 1405 2250 videamus

173 2275 255 2337 deus
270 2283 345 2337 tuus
361 2274 611 2355 apprehendens
628 2295 762 2336 manum
812 2274 918 2338 simul.
958 2276 1044 2338 Ecce
1054 2297 1111 2338 vos
1128 2275 1205 2337 estis
1222 2296 1265 2338 ex
1281 2276 1403 2340 nihilo:

172 2371 273 2425 tuam.
297 2364 474 2444 dicensque
484 2362 544 2424 tibi
558 2384 564 2426 :
582 2363 635 2425 Ne
645 2363 763 2425 timeas
813 2374 845 2427 et
861 2385 944 2444 opus
955 2373 1099 2426 vestrum
1115 2385 1159 2427 ex
1175 2384 1215 2426 eo
1230 2365 1320 2445 quod
1338 2384 1403 2427 non

171 2472 235 2533 ego
251 2450 362 2532 adjuvi
377 2459 411 2514 te
427 2450 494 2513 noli
514 2451 629 2514 timere
644 2451 764 2514 vermis
812 2462 862 2515 est
878 2453 1124 2516 abhominatio:
1152 2461 1202 2514 est
1224 2453 1281 2533 qui
1304 2451 1404 2535 elegit

169 2539 269 2621 jacob
284 2540 340 2623 qui
357 2540 476 2602 mortui
499 2541 577 2602 estis
594 2560 637 2602 ex
659 2539 762 2602 israel.
811 2561 877 2604 vos.
926 2541 1089 2605 Suscitavi
1112 2541 1155 2603 ab
1174 2540 1348 2622 aquilone:
1371 2550 1404 2604 et

173 2627 248 2710 Ego
285 2628 463 2692 auxiliatus
500 2648 574 2689 sum
604 2628 652 2690 tui
682 2628 762 2691 dicit
810 2629 920 2692 veniet
950 2629 992 2691 ab
1023 2638 1096 2691 ortu
1132 2629 1234 2692 solis:
1272 2631 1405 2692 vocabit

172 2717 346 2781 dominus:
368 2717 557 2798 redemptor
570 2724 646 2779 tuus
669 2737 761 2778 sanc·
810 2737 931 2780 nomen
963 2737 1072 2780 meum
1103 2725 1136 2780 et
1166 2716 1310 2782 adducet
1337 2739 1405 2781 ma·

171 2814 236 2870 tus
250 2805 352 2869 israel.
400 2806 474 2887 Ego
497 2806 592 2886 posui
612 2814 646 2867 te
668 2805 762 2886 quasi
811 2808 967 2888 gistratus
1014 2807 1108 2887 quasi
1145 2805 1260 2869 lutum.
1330 2806 1404 2870 Hec

170 2894 353 2978 plaustrum
369 2894 552 2957 triturantis
568 2913 688 2956 novum
704 2893 763 2956 ha·
811 2895 900 2958 dicit.

172 2984 254 3048 bens
270 2992 375 3046 rostra
394 2983 573 3046 serrantia:
596 2982 763 3044 triturabis
857 2983 912 3045 He
939 2981 1111 3063 antiphone
1138 3003 1199 3063 qne
1227 2993 1405 3063 sequnntur

173 3080 304 3134 montes
318 3080 352 3134 et
368 3071 591 3134 comminues:
615 3079 648 3133 et
663 3069 764 3132 colles
812 3070 980 3134 serintine¹
1008 3070 1136 3133 dicende
1155 3079 1234 3133 snnt
1253 3071 1302 3133 ad
1312 3071 1403 3151 psal·

173 3160 268 3242 quasi
291 3158 460 3240 pulverem
483 3178 587 3239 pones
610 3167 643 3220 et
659 3160 763 3221 venti·
814 3180 903 3221 mnne
919 3159 1119 3241 Magnificat.
1152 3159 1401 3240 qnandodead-

173 3248 256 3309 labis
284 3268 365 3310 eos:
396 3256 429 3309 et
451 3256 551 3308 vento
582 3245 681 3309 colles
732 3255 765 3309 et
814 3257 909 3310 ventu
932 3249 1051 3328 agitur.
1077 3246 1130 3310 vel
1147 3247 1195 3309 ad
1213 3249 1402 3311 memorenm

172 3333 270 3398 turbo
285 3336 474 3416 dispergent
490 3355 554 3397 eos.
594 3335 639 3396 Et
654 3343 691 3398 tu
707 3355 766 3396 ex·
814 3336 940 3416 qnando
954 3339 1068 3418 agitur
1088 3336 1128 3399 de
1148 3345 1255 3398 sancto
1269 3357 1292 3398 a
1306 3339 1404 3401 tertia

174 3423 295 3486 ultabis
325 3424 358 3484 in
389 3423 549 3485 domino:
587 3422 621 3484 in
651 3432 766 3487 sancto
814 3424 973 3486 dominica
990 3424 1146 3487 adventus
1167 3445 1265 3505 usqne
1284 3425 1334 3487 ad
1353 3426 1402 3488 in-

175 3511 270 3575 israel
296 3511 457 3574 letaberis.
504 3511 611 3592 Egeni
628 3520 661 3574 et
685 3532 765 3594 pau·
812 3512 978 3592 ceptionem
1020 3513 1050 3578 O
1089 3522 1120 3574 et
1153 3512 1201 3575 ad
1232 3512 1403 3594 psalmum

174 3621 268 3682 peres
298 3609 438 3680 querunt
474 3620 598 3680 aquas:
629 3608 662 3662 et
699 3621 765 3662 non
815 3602 1022 3665 Benedictus.
1067 3601 1197 3682 ²qnarta
1240 3601 1403 3666 dominica

174 3698 270 3752 sunt:
303 3689 415 3770 lingua
446 3708 558 3750 eorum
588 3687 642 3750 siti
672 3689 766 3751 aruit.
815 3711 913 3770 nsque
947 3691 995 3753 ad
1027 3689 1178 3771 vigiliam
1215 3690 1404 3754 nativitatis

160 3777 250 3859 ‚Ego
288 3777 441 3840 dominus
478 3777 656 3839 exaudium
694 3796 766 3840 eos:
815 3778 941 3840 domini
954 3801 966 3840 .·
996 3788 1201 3859 preterquam
1245 3778 1280 3841 in
1314 3779 1404 3859 festo

173 3867 255 3928 deus
271 3866 366 3928 israel
382 3886 447 3927 non
461 3864 685 3947 derelinquam
699 3886 764 3929 eos
814 3866 920 3929 sancti
948 3865 1052 3929 thome
1072 3865 1206 3947 apostoli
1225 3876 1328 3946 prout
1357 3867 1406 3932 ibi

172 3954 332 4036 Aperiam
371 3955 404 4017 in
441 3955 589 4036 supernis
628 3953 764 4016 collibus
814 3964 951 4017 notatur.
1201 3955 1403 4036 Antiphone.

173 4043 329 4107 flumina:
353 4051 387 4105 et
403 4043 435 4104 in
446 4043 556 4105 medio
572 4061 764 4123 camporum
823 4044 985 4174 Veniet
1006 4044 1158 4106 dominus
1178 4044 1211 4105 in
1235 4052 1404 4125 potestate

171 4131 287 4214 sontes.
312 4132 437 4194 Ponam
448 4131 614 4215 desertum
627 4132 660 4192 in
676 4140 763 4212 stag·
898 4152 1018 4213 magna
1061 4141 1095 4194 et
1131 4133 1256 4194 videbit
1293 4135 1404 4197 omnis

172 4240 216 4283 na
230 4241 390 4303 aquarum
405 4228 440 4281 et
455 4228 574 4282 terram
592 4221 713 4282 inviam
729 4222 762 4282 in
814 4241 889 4283 caro
920 4220 1061 4283 salutare
1091 4221 1153 4283 dei.
1198 4229 1249 4283 an.
1276 4219 1404 4304 Joseph

171 4309 257 4372 rivos
269 4329 437 4390 aquarum.
484 4307 582 4371 Dabo
598 4309 631 4369 in
647 4308 761 4370 solitu·
812 4308 859 4371 fili
890 4309 989 4371 david
1017 4308 1082 4372 noli
1109 4310 1224 4397 timere
1254 4309 1405 4390 accipere

160 4389 248 4465 dine
264 4394 423 4463 cedrum:
437 4406 469 4459 et
485 4397 615 4477 spinam
626 4406 659 4459 et
673 4417 760 4478 myr·
812 4397 949 4461 mariam
976 4399 1153 4479 conjugem·
1176 4407 1288 4460 tuam:
1312 4399 1404 4479 quod

330 4512 480 4582 {seriatim
498 4517 531 4567 E.
946 4516 1018 4565 2‘a’
1032 4517 1100 4565 add:
1118 4512 1231 4565 E.G.W.
