3014 5032
588 328 797 383 DOMINICA

374 438 408 492 11
1007 436 1050 490 12

85 554 200 628 spectu
210 543 295 625 regis
305 544 462 607 incedere.
494 543 547 606 Tu
559 552 680 606 autem.
729 543 842 606 dabit:
876 563 941 624 que
978 562 1165 606 successore
1195 540 1331 605 finitur:

81 635 147 698 Sic
172 634 385 696 terminentur
408 653 514 695 omnes
539 632 683 694 lectiones
730 632 788 694 sed
805 630 934 694 celestis
961 631 1088 713 imperii
1112 630 1331 712 dignitatem:

82 743 147 803 2qne
160 743 221 784 non
230 720 595 802 snerr'ntdeproplretie.
625 720 682 783 Re.
730 741 795 802 que
837 740 903 783 non
943 718 1045 782 habet
1083 716 1332 782 successorem.6

88 810 164 873 Ave
180 811 282 872 maria
297 811 403 890 gratia
418 808 516 890 plena
528 809 682 871 dominus
730 806 868 890 ⁷Qualis
892 818 1004 871 autem
1028 809 1249 870 remuneratio
1272 828 1331 870 no·

85 907 207 961 tecum.
259 899 533 980 Spiritussanctus
572 917 683 982 super·
731 906 799 960 stra
825 898 867 959 sit
891 896 1032 959 futuras
1050 895 1130 958 dicit
1156 896 1332 978 propheta.

83 986 197 1049 veniet
220 987 252 1048 in
275 996 328 1050 te:
353 986 382 1049 n
403 987 505 1049 virtus
533 985 682 1047 altissimi
732 984 807 1066 Que
822 984 937 1047 oculus
952 1004 1019 1047 non
1034 984 1136 1047 vidit:
1159 1004 1220 1046 nec
1245 985 1332 1047 auris

88 1074 300 1151 obumbrabit
316 1075 394 1138 tibi:
418 1074 506 1155 quod
529 1073 616 1136 enim
640 1094 684 1135 ex
731 1073 877 1136 audivit:
900 1093 961 1135 nec
982 1073 1016 1135 in
1036 1088 1093 1135 cor
1113 1072 1257 1135 hominis
1280 1093 1332 1134 as·

83 1171 123 1225 te
146 1173 297 1226 nascetur
319 1162 490 1227 beatum¹:
513 1160 684 1224 vocabitur
731 1161 857 1224 cendit:
874 1182 938 1242 que
953 1161 1140 1243 preparavit
1159 1161 1243 1224 deus
1258 1160 1333 1223 dili-

88 1249 173 1314 filius
189 1252 251 1314 dei.
288 1250 506 1338 pQuomodo
522 1249 579 1311 fiet
595 1248 683 1311 istud
730 1249 885 1332 gentibus
895 1249 952 1312 se.⁸
988 1249 1044 1313 Re.
1056 1249 1184 1312 Audite
1193 1249 1334 1311 verbum

89 1340 245 1420 quoniam
272 1341 378 1403 virum
405 1359 472 1402 non
499 1357 683 1419 cognosco:

90 1428 120 1491 81
146 1430 347 1510 respondens
372 1426 507 1508 angelus
532 1426 618 1488 dixit
646 1425 684 1488 ei.

93 1516 377 1599 Spiritussanctus
534 1513 640 1576 Lectio
655 1535 684 1577 o.

97 1604 277 1737 Credunt
293 1605 380 1666 enim
400 1601 507 1684 majus
530 1621 601 1665 esse
624 1603 685 1665 im-

159 1693 317 1774 peratoris
335 1691 510 1774 gaudium:
526 1691 553 1753 si
568 1690 686 1754 viderit

92 1781 251 1863 majorem
270 1801 328 1843 sue
342 1779 575 1862 apparitionis²
590 1800 686 1842 orna-

85 1877 172 1932 tum.
211 1869 285 1932 Hec
313 1878 424 1931 autem
451 1869 527 1930 ideo
543 1868 686 1930 faciunt:

92 1958 170 2038 quia
203 1956 363 2039 majorem
401 1956 462 2019 sibi
500 1976 687 2019 remunera-

90 2045 216 2108 tionem
232 2066 291 2127 pro
307 2045 368 2108 hac
380 2044 599 2107 sollicitudine
615 2065 687 2126 spe-

732 1338 859 1401 domini
892 1347 1027 1419 gentes:
1067 1337 1096 1400 u
1131 1337 1334 1400 annunciate

733 1425 814 1488 illud
831 1427 864 1488 in
880 1426 1000 1488 finibus
1016 1435 1110 1503 terre²
1156 1425 1202 1488 Et
1227 1426 1259 1488 in
1285 1426 1333 1487 in·

733 1514 813 1577 sulis
826 1535 889 1597 que
906 1513 1018 1596 procul
1034 1523 1111 1576 sunt
1123 1514 1231 1577 dicite.
1258 1512 1332 1578 Sal·

732 1612 828 1667 vator
854 1611 966 1665 noster
995 1602 1157 1665 adveniet.
1203 1619 1228 1688 p
1260 1601 1334 1664 An·

734 1691 930 1754 nunciate&
947 1691 1097 1754 auditum
1113 1690 1211 1754 facite
1227 1690 1334 1771 loqui-

734 1780 814 1842 mini
831 1789 865 1842 et
880 1778 1031 1842 clamate.
1078 1779 1123 1842 Et
1138 1781 1180 1842 in.
1219 1778 1335 1841 Gloria

734 1868 829 1950 patri.
877 1867 1037 1932 Salvator.

779 1955 822 2018 ln
846 1955 887 2017 iii
909 1967 1060 2018 nocturno
1081 1965 1135 2018 ari.
1160 1956 1241 2018 Nox
1261 1975 1336 2037 pre-

736 2044 841 2106 cessit.
864 2053 913 2126 pi.
938 2044 1009 2109 Celi
1025 2053 1186 2107 enarrant.
1221 2042 1337 2107 Gloria

92 2144 166 2197 rant
196 2133 348 2197 futuram.
394 2133 430 2197 Si
461 2153 539 2214 ergo
572 2133 688 2195 fratres
736 2132 843 2214 patri⁹
866 2133 932 2195 An.
951 2132 1044 2195 Hora
1066 2141 1123 2196 est.
1143 2141 1193 2214 pt.
1222 2128 1337 2194 Exau-

93 2221 194 2285 seculi
234 2223 327 2285 istius
366 2220 517 2284 homines
555 2230 689 2303 propter
737 2222 807 2284 diat
822 2230 864 2284 te.
900 2219 1014 2284 Gloria
1029 2221 1124 2302 patri.
1161 2220 1229 2282 Ari.
1247 2219 1337 2284 Gau-

93 2311 254 2392 presentis
281 2311 414 2372 honoris
440 2310 601 2391 gloriam:
625 2319 689 2371 ter·
737 2310 823 2372 dete.
860 2319 911 2390 ps.
957 2309 1102 2372 Domine
1140 2309 1174 2371 in
1206 2309 1337 2371 virtute.

93 2400 162 2461 reni
179 2400 263 2480 regis
279 2400 329 2461 sui
344 2396 463 2460 natalis
485 2398 574 2460 diem
595 2406 690 2460 tanta
739 2396 860 2461 Gloria.
905 2397 1151 2483 pEgredietur
1182 2397 1338 2459 dominus

94 2488 319 2569 apparitione³
362 2487 563 2567 suscipiunt:
624 2506 690 2567 qua
738 2486 780 2548 de
810 2485 884 2548 loco
913 2495 1028 2550 sancto
1057 2507 1137 2549 suo:
1159 2487 1271 2550 veniet
1301 2493 1339 2547 ut

94 2595 155 2638 nos
203 2576 411 2640 accuratione
461 2575 565 2637 eterni
604 2575 690 2655 regis
738 2573 844 2637 salvet
893 2574 1053 2657 populum
1108 2587 1213 2658 suum.
1274 2573 1342 2636 Isti

94 2664 196 2727 nostri
211 2665 291 2746 Jesu
308 2663 430 2728 Christi
453 2663 596 2725 natalem
621 2683 691 2726 sus·
731 2662 872 2743 predicti
893 2663 1042 2726 versiculi
1055 2661 1343 2743 dicontnr¹⁰snper

94 2753 201 2834 cipere
214 2753 381 2816 debemus.
407 2752 464 2815 Re.
483 2751 691 2816 Salvatorem
739 2761 930 2814 noctnrnnm
944 2751 1055 2815 diebus
1062 2750 1232 2814 dominicis
1241 2771 1342 2832 usqne

82 2851 311 2923 ,expectamus
359 2841 531 2903 dominum
576 2841 691 2922 Jesum
739 2841 788 2902 ad
814 2839 965 2920 vigiliam
999 2838 1186 2902 nativitatis
1215 2838 1344 2902 domini

96 2930 272 2994 Christum.
289 2929 355 3012 Qui
365 2929 566 2992 reformavit⁴
574 2949 692 3011 corpus
739 2928 867 3010 qnando
896 2929 936 2991 de
960 2929 1100 2991 adventu
1126 2927 1246 3008 agitur.
1292 2927 1345 2989 Et

94 3018 288 3082 humilitatis
312 3027 422 3080 nostre
450 3017 691 3099 configuratum
739 3016 902 3079 sciendum
928 3026 997 3099 est:
1029 3016 1116 3098 qnod
1141 3016 1224 3078 sient
1254 3015 1343 3078 ordi-

95 3109 222 3189 corpori
258 3106 415 3169 claritatis
448 3126 514 3168 sue.
560 3105 693 3190 pSob-
741 3114 865 3167 nantnr
879 3105 1006 3186 psalmi
1028 3107 1063 3168 in
1086 3105 1223 3186 vesperis
1245 3104 1344 3167 istius

95 3196 142 3256 rie
169 3195 199 3258 dr
228 3195 317 3275 juste
344 3203 378 3256 et
404 3194 458 3274 pie
481 3195 631 3256 vivamus
659 3194 693 3254 in
741 3192 918 3256 dominice:
940 3193 986 3255 sic
1000 3193 1191 3257 ordinentur
1216 3192 1251 3255 in
1276 3213 1345 3254 om-

96 3282 159 3346 hoc
184 3281 295 3344 seculo
317 3290 534 3363 expectantes
559 3281 693 3343 beatam
742 3281 837 3343 nibus
850 3281 1021 3345 dominicis
1029 3293 1249 3362 perannum:
1270 3301 1348 3358 cnm

95 3370 233 3452 spem&
250 3370 430 3432 adventum
454 3369 557 3450 glorie
581 3370 693 3450 magni
742 3369 780 3431 de
816 3368 976 3433 dominico
1016 3370 1161 3434 dicitur:
1208 3369 1348 3451 tempore

96 3460 158 3522 dei.
205 3457 280 3539 Qui.
527 3457 633 3519 Lectio
649 3457 692 3538 vj.
740 3457 887 3538 paschali
900 3468 1025 3540 excepto.
1065 3457 1248 3522 Secundum
1263 3458 1346 3520 Ma-

164 3547 215 3610 ui⁶
230 3568 290 3629 pro
309 3546 485 3609 devotione
501 3555 614 3608 nostra
629 3566 695 3607 non
748 3546 863 3610 tiemo.

101 3549 259 3715 Qnobis
292 3634 508 3717 temporalem
543 3634 699 3715 largietur
793 3655 814 3699 n
853 3635 909 3697 illo
951 3643 1122 3717 tempore:
1161 3634 1246 3699 Cum
1286 3654 1348 3716 ap-

96 3724 236 3806 gloriam
260 3724 318 3786 sed
342 3734 509 3787 eternam:
541 3743 600 3786 nec
631 3733 695 3785 ter·
792 3725 1045 3806 propinquasset
1078 3722 1203 3805 Jesus¹l
1239 3722 1349 3785 hiero-

96 3812 166 3876 reni
203 3813 337 3876 honoris
374 3812 695 3875 administrationem
728 3812 882 3894 solymis
906 3821 939 3875 et
954 3813 1098 3876 venisset
1121 3811 1279 3892 bethsage
1302 3810 1348 3874 ad

131 4025 138 4054 ¹
156 4040 201 4088 pro
216 4024 332 4072 ‘beatum
342 4024 348 4046 '
360 4029 472 4072 sanctum
486 4041 492 4073 :
510 4023 540 4073 E.
545 4023 575 4073 G.
581 4023 622 4073 W.
785 4025 795 4054 ⁸
814 4023 928 4086 ‘Quibus
939 4039 997 4087 ergo
1015 4022 1166 4072 indumentis
1178 4038 1223 4071 nos
1234 4023 1351 4071 exornari

129 4093 139 4120 ²
155 4091 340 4154 apparationis:
358 4091 424 4139 E.G.
752 4097 867 4154 oportet:
885 4091 952 4154 quod
962 4095 1044 4138 autem
1062 4089 1166 4138 dicimus
1183 4104 1228 4137 nos
1246 4088 1294 4137 hoc
1312 4097 1353 4139 est

83 4219 85 4224 .
131 4159 226 4205 ’tanto
238 4165 377 4219 apparatu:
396 4156 509 4206 E.G.W.
752 4156 847 4205 animas
869 4164 964 4204 nostras
984 4156 1051 4220 quod
1074 4171 1116 4204 rex
1137 4164 1218 4204 noster
1237 4155 1353 4205 Christus

129 4225 139 4253 ⁴
156 4223 314 4272 reformabit:
333 4223 361 4272 E.
367 4223 398 4273 G.
752 4230 865 4271 nontam
882 4223 987 4270 nitorem
1005 4221 1109 4270 vestium
1126 4238 1200 4286 quam
1211 4221 1353 4271 animarum

129 4291 139 4318 ⁵
157 4289 213 4337 Hec
225 4289 301 4337 verba
312 4293 341 4337 a‘
351 4288 414 4351 Qui’
427 4304 504 4352 usque
516 4289 547 4336 ad
563 4291 701 4337 ‘successo-
753 4289 853 4352 requirit
865 4289 987 4336 affectum.
1024 4289 1064 4337 Tu
1079 4287 1092 4337 :'
1103 4288 1164 4337 add:
1177 4287 1288 4338 E.G.W.

96 4354 160 4403 rem’
178 4355 204 4402 in
216 4355 335 4403 Lectione
357 4355 444 4419 quinta
463 4355 622 4404 includuntur
636 4356 703 4419 apud
786 4358 796 4384 ⁹
816 4354 873 4404 ‘Gl
888 4354 996 4418 paffom.
1011 4373 1017 4404 ε
1036 4355 1148 4404 E.G.W.

96 4421 230 4471 E.G.W.·
788 4421 806 4451 ¹⁰
823 4421 935 4469 dicatur:
959 4421 997 4469 W.

130 4491 140 4518 ⁶
157 4489 200 4536 Re.
215 4487 362 4535 salvatorem
374 4493 421 4536 etc.
436 4486 504 4535 add:
523 4487 634 4537 E.G.W.
790 4487 807 4520 ¹¹
829 4486 884 4535 ‘in’
898 4487 967 4536 edd:
985 4486 1051 4537 E.G.

132 4558 141 4584 ⁷
159 4553 210 4603 Hic
222 4553 308 4617 incipit
322 4554 408 4604 Lectio
420 4553 451 4603 vi.
468 4572 474 4601 :
492 4553 599 4604 E.G.W.
