3014 5032
262 331 471 385 DOMINICA
498 323 626 384 INFRA
656 329 845 383 OCTAVA<
871 331 1071 384 CORPORIS
1097 332 1268 386 r'HnlsTl.

410 440 486 491 545

144 567 275 626 moyses
308 546 432 627 lignum
473 546 505 608 in
547 566 668 627 aquam
706 555 740 609 et

143 635 398 697 amaritudinem
438 654 531 697 suam
576 655 736 717 aquarum

144 733 261 785 natura
288 724 460 804 deposuit:
499 743 599 804 quam
630 722 737 785 infusa

142 812 252 874 subito
279 813 385 893 gratia
415 812 619 891 temperavit.
664 811 737 874 Ad-

142 900 299 962 vertimus
333 901 432 980 igitur
469 899 627 979 majorem
665 920 737 962 esse

142 989 282 1068 gratiam
295 1008 395 1069 quam
412 996 571 1050 naturam.
619 988 663 1050 Et
680 987 737 1049 ad-

140 1075 205 1139 huc
228 1086 339 1148 tamen
362 1075 552 1157 prophetice
584 1074 738 1138 benedic-

142 1165 240 1226 tionis
252 1184 463 1226 numeramus
478 1164 626 1245 gratiam.

208 1254 273 1315 uod
290 1255 459 1315 sitantum
475 1252 577 1315 valuit
592 1252 673 1334 [Lec.
687 1252 735 1333 iij.

208 1341 319 1422 lingua
349 1341 494 1403 humana
530 1339 735 1404 benedictio:

140 1439 176 1491 ut
207 1439 357 1491 naturam
392 1438 614 1492 converteret:
655 1430 734 1510 quid

140 1518 278 1580 dicimus
313 1519 355 1580 de
392 1519 463 1598 ipsa
492 1519 735 1581 consecratione

140 1606 250 1667 divina
267 1607 322 1668 ubi
333 1607 403 1687 ipsa
415 1603 515 1668 verba
531 1606 655 1669 domini
672 1607 733 1668 sal-

140 1696 261 1756 vatoris
284 1703 467 1775 operantur.
515 1694 602 1756 Nam
628 1715 734 1757 sacra·

141 1793 289 1845 mentum
317 1785 424 1864 ipsum
451 1782 540 1863 quod
588 1784 733 1865 accipitis

141 1870 262 1934 Christi
279 1892 429 1933 sermone
446 1870 623 1934 conficitur.

141 1960 361 2036 {Dominica
386 1959 478 2041 infra
511 1969 639 2022 octavas
667 1981 733 2022 cor-

135 2047 225 2127 poris
252 2047 375 2113 Clzrz'sti
388 2071 399 2110 .·
444 2049 553 2109 omnia
581 2048 736 2111 dicantur

138 2136 221 2198 sicut
235 2136 269 2197 in
284 2137 336 2198 die
343 2146 453 2216 preter
468 2136 660 2216 antiphonas
679 2159 733 2199 su-

130 2233 192 2304 per
207 2226 352 2305 psalmos
385 2225 419 2285 in
440 2225 561 2305 primis
597 2226 734 2305 vesperis

136 2333 196 2391 que
209 2323 323 2375 erunt:
344 2313 514 2394 Sapientia
525 2334 596 2375 cum
607 2334 733 2395 sequen-

138 2400 246 2462 tibus:
282 2410 312 2463 et
350 2411 458 2482 preter
490 2401 645 2481 hymnum
675 2403 734 2482 qui

136 2488 200 2549 erit
229 2489 375 2551 Verbum
406 2510 583 2571 supernum
606 2499 636 2551 et
656 2501 732 2571 pre-

139 2585 188 2637 ter
207 2577 418 2656 Responsum
433 2579 480 2639 ad
500 2587 651 2660 utrasque
665 2600 731 2641 ves-

130 2674 250 2744 peras:
273 2687 331 2746 que
351 2687 414 2728 non
431 2666 597 2729 dicentur:
619 2676 650 2729 et
656 2678 731 2748 pre-

138 2763 187 2814 ter
205 2753 368 2834 legendam
383 2765 413 2816 et
434 2754 624 2835 antistianus
638 2766 732 2836 super

129 2843 280 2921 psalmos.
316 2844 421 2924 Magt.
465 2852 496 2904 et
533 2844 730 2906 Benedictus

137 2939 290 3010 utsupra.
587 2931 693 2994 Lectio
698 2934 729 3014 j.

136 3020 231 3146 De
256 3019 358 3081 totius
382 3020 496 3082 mundi
514 3021 662 3101 partibus
685 3021 730 3083 le·

212 3108 325 3187 gistis:
364 3109 441 3189 quia
472 3109 542 3189 ipse
572 3109 659 3172 dixit
697 3117 730 3172 et

134 3193 221 3257 facta
251 3206 343 3259 sunt:
389 3198 459 3279 ipse
490 3198 660 3260 mandavit
697 3208 731 3260 et

135 3293 244 3346 creata
274 3295 358 3348 sunt.
417 3286 534 3350 Sermo
565 3307 643 3367 ergo
673 3287 729 3367 qui

134 3374 242 3451 potuit
259 3394 303 3434 ex
314 3373 415 3436 nihilo
432 3374 538 3436 facere
555 3375 644 3455 quod
661 3395 727 3437 non

134 3469 223 3523 erat:
248 3482 313 3523 non
337 3464 444 3545 potuit
475 3483 514 3524 ea
545 3483 609 3543 que
632 3472 728 3525 sunt:

134 3548 167 3608 in
179 3548 211 3610 id
223 3559 349 3615 mutare
360 3551 447 3631 quod
460 3572 525 3613 non
535 3560 613 3614 erat.
649 3551 728 3623 Non

134 3647 184 3698 est
201 3639 288 3699 enim
306 3640 412 3702 minus
428 3641 506 3701 dare
531 3660 630 3720 quam
657 3660 727 3701 mu·

133 3734 202 3786 tare
219 3746 320 3789 novas
337 3736 471 3790 naturas
487 3728 591 3791 rebus
601 3728 674 3790 Lec.
693 3728 726 3809 ij.

139 3815 266 3944 Cujus
291 3817 493 3896 argumentis
517 3817 640 3879 utimur
662 3818 728 3878 suis

191 3911 322 3965 utamur
362 3904 543 3985 exemplis:
578 3905 727 3967 incarna-

132 3989 231 4051 tionis
247 4011 378 4074 quoque
402 4003 587 4055 astruamus
604 4003 726 4073 myste-

133 4079 169 4137 rii
197 4081 378 4142 veritatem.
425 4081 585 4162 Nunquid
611 4091 727 4143 nature

131 4186 207 4227 usus
235 4169 436 4248 presensit¹:
474 4189 548 4233 cum
575 4170 727 4235 dominus

85 4321 94 4337 ,
132 4264 243 4319 noster
258 4256 354 4337 Jesus
379 4257 528 4321 Christus
555 4279 598 4323 ex
625 4260 727 4320 maria

232 4434 236 4460 ¹
257 4434 411 4494 prensensit:
431 4434 463 4481 N.

615 4436 624 4462 ²
645 4435 768 4498 ‘virgine’
782 4450 831 4482 om.
847 4452 852 4482 :
872 4433 902 4483 N.

230 4503 237 4528 ⁴
256 4515 300 4563 pro
316 4505 540 4550 ‘sacramenrorum
552 4502 556 4519 '
569 4504 760 4552 corrseerarioms
774 4521 779 4549 :
798 4501 830 4550 N.

1046 440 1121 492 546

789 546 935 627 virgine²
951 556 1147 610 nasceretur.
1188 547 1224 620 Si
1237 548 1385 610 ordinem

790 645 905 696 nature
943 637 1132 716 querimus:
1169 637 1240 698 viro
1279 639 1386 700 mixta

789 720 911 784 semina
926 744 1083 803 generare
1095 734 1318 787 consueverat.

857 811 947 891 iquet
978 813 1077 892 igitur
1114 814 1204 893 quod
1239 813 1321 895 [Lcc.
1338 814 1386 895 iij.

856 907 965 980 preter
996 910 1112 963 nature
1143 902 1292 963 ordinem
1324 904 1388 964 vir-

787 1005 831 1066 go
842 989 1019 1068 generavit.
1064 990 1109 1051 Et
1124 989 1186 1050 hoc
1203 990 1292 1070 quod
1310 1011 1386 1054 con-

788 1073 915 1138 ficimus
942 1097 1059 1157 corpus
1091 1098 1134 1139 ex
1161 1079 1288 1160 virgine
1326 1089 1384 1142 est.

778 1161 878 1242 ‘Quid
909 1163 962 1227 hic
992 1164 1158 1246 querimus
1188 1176 1304 1229 nature
1335 1188 1386 1230 or·

787 1250 899 1314 dinem
930 1253 963 1314 in
986 1254 1107 1317 Christi
1130 1273 1285 1334 corpore:
1309 1275 1384 1318 cum

787 1349 895 1420 preter
917 1349 1068 1404 naturam
1085 1343 1127 1404 sit
1143 1344 1212 1422 ipse
1228 1344 1383 1406 dominus

787 1437 898 1490 noster
926 1430 1021 1509 Jesus
1038 1440 1151 1510 partus
1175 1451 1218 1492 ex
1245 1432 1373 1512 virgine

785 1516 873 1578 Vera
903 1517 1014 1598 itaque
1044 1539 1121 1580 caro
1161 1518 1282 1582 Christi
1313 1530 1383 1583 est:

785 1624 850 1686 que
881 1605 1037 1668 crucifixa
1068 1616 1138 1669 est:
1162 1628 1226 1687 que
1250 1609 1382 1688 sepulta

785 1702 842 1756 est.
1194 1695 1303 1757 Lectio
1319 1696 1382 1778 iiij.

793 1785 929 1911 Vere
945 1802 1024 1863 ergo
1046 1783 1154 1845 carnis
1171 1782 1258 1845 illius
1273 1804 1381 1846 sacra-

874 1880 1023 1932 mentum
1064 1881 1121 1934 est.
1185 1871 1261 1953 Ipse
1292 1874 1380 1935 enim

784 1958 937 2021 dominus
968 1967 1079 2021 noster
1113 1959 1211 2040 Jesus
1240 1960 1381 2024 clamat:
1428 1982 1432 1989 ·

784 2046 846 2109 hoc
877 2055 927 2108 est
956 2068 1075 2128 corpus
1106 2069 1226 2111 meum.
1287 2050 1380 2112 Ante

784 2135 1048 2198 benedictionem
1065 2137 1238 2198 verborum
1252 2137 1381 2201 celesti-

784 2243 840 2285 um
853 2223 917 2285 alia
933 2225 1057 2304 species
1075 2226 1271 2287 nominatur.
1302 2227 1380 2289 Post

783 2313 1062 2374 consecrationem
1094 2314 1227 2394 sanguis
1259 2313 1380 2377 Christi

775 2399 991 2480 significatur.
1051 2400 1103 2463 Tu
1135 2401 1216 2464 dicis
1260 2422 1380 2466 amen:

785 2488 861 2550 Hoc
877 2497 934 2550 est.
958 2489 1082 2551 Verum
1099 2498 1157 2551 est.
1195 2488 1294 2571 Quod
1311 2512 1376 2553 ser-

783 2596 839 2638 mo
855 2585 969 2639 sonat:
994 2576 1155 2639 effectus³
1177 2579 1307 2640 sentiat.

781 2665 934 2795 Panis
950 2674 1000 2727 est
1023 2664 1056 2726 in
1076 2665 1169 2727 altari
1211 2663 1331 2746 [Lectio
1346 2688 1375 2729 v.

863 2753 1002 2815 usitatus
1025 2761 1102 2815 ante
1139 2753 1239 2815 verba
1272 2775 1379 2816 sacra-

783 2842 992 2905 mentorum.⁴
1026 2841 1093 2904 Ubi
1111 2842 1248 2903 accessit
1264 2863 1379 2904 conse-

782 2930 904 2992 cratio:
927 2930 970 2993 de
985 2949 1071 3011 pane
1087 2928 1124 2991 fit
1148 2950 1223 2993 caro
1248 2930 1377 2993 Christi.

782 3017 961 3100 Quomodo
1005 3026 1116 3079 autem
1164 3027 1275 3098 potest
1321 3021 1377 3099 qui

782 3107 876 3188 panis
901 3115 1037 3184 estesse
1060 3107 1204 3186 corporis
1233 3106 1376 3170 Christi?

783 3194 994 3258 Consecratio
1011 3195 1110 3274 igitur
1123 3195 1242 3274 quibus
1269 3196 1376 3258 verbis

782 3292 814 3346 et
823 3283 1126 3364 cujussermonibus
1137 3282 1224 3347 est⁵i
1238 3284 1374 3346 Domini

780 3373 868 3455 Jesu.
918 3371 1006 3436 Nam
1032 3391 1091 3452 per
1116 3371 1241 3453 reliqua
1263 3374 1376 3435 omnia

780 3481 845 3542 que
875 3460 1048 3522 dicuntur:
1083 3459 1154 3526 laus
1184 3460 1248 3522 deo
1278 3460 1374 3523 ofser-

780 3557 841 3615 tur.
1209 3547 1316 3611 Lectio
1331 3551 1374 3630 vj.

785 3637 972 3771 Oratione
1010 3635 1134 3722 petitur
1157 3657 1218 3718 pro
1248 3637 1373 3724 populo

847 3746 906 3806 pro
929 3724 1079 3805 regibus:
1105 3734 1138 3787 et
1162 3745 1222 3806 pro
1245 3727 1370 3789 ceteris.

781 3814 849 3878 Ubi
880 3823 991 3876 autem
1021 3822 1263 3877 sacramentum
1295 3834 1372 3876 con-

777 3902 904 3967 ficitur:
925 3901 994 3982 jam
1012 3920 1077 3965 non
1088 3903 1154 3963 suis
1166 3902 1372 3965 sermonibus

777 3992 929 4060 sacerdos
959 3989 1081 4066 utitur;
1119 3989 1176 4050 sed
1215 3991 1372 4056 sermoni-

778 4083 838 4144 bus
852 4079 981 4144 Christi.
1030 4078 1233 4158 Ergosermo
1250 4077 1372 4141 Christi

778 4167 981 4232 hocconficit
997 4174 1249 4229 sacramentum.
1288 4166 1371 4247 Quis

777 4278 885 4320 sermo
903 4255 1046 4318 Christi?
1079 4254 1146 4317 Hic
1169 4274 1289 4334 nempe
1305 4276 1371 4337 quo

1041 4424 1051 4457 ³
1069 4429 1186 4478 affectus:
1205 4431 1237 4478 N.

1042 4501 1051 4528 ⁵
1072 4496 1220 4545 ‘est'01n.:
1238 4497 1271 4544 N.

1168 4602 1239 4650 NN
