3014 5032
584 306 826 362 EPIPHANIE
849 307 1014 362 DOMINI.

436 415 507 470 193
1093 415 1161 469 194

260 529 384 585 eterem
414 520 583 584 hominem
611 541 773 584 renovans
826 541 881 584 um
898 521 1094 584 testificatur
1110 532 1143 585 et
1159 521 1293 603 spiritus
1315 526 1422 587 sancti

261 610 405 674 salvator
416 611 506 674 venit
515 611 557 673 ad
569 611 772 691 baptismum
825 611 990 691 presentia
1006 610 1141 674 advenit
1156 631 1259 673 unum
1281 613 1422 676 edocens

176 709 215 763 ut
230 709 383 763 naturam
400 719 466 781 que
481 707 635 780 corrupta
650 707 700 761 est
716 718 774 780 per
826 701 882 780 qui
920 698 1109 780 baptizatur
1151 699 1309 764 Christus
1370 712 1420 782 ps‘.

177 809 300 870 aquam
317 797 525 870 recuperaret
536 786 773 869 incorruptibili
828 787 953 868 Legem
969 808 1064 869 pone.
1114 787 1265 868 Capitula
1280 789 1420 870 Respon-

177 886 270 940 veste
299 878 587 939 circumamictans
612 896 681 938 noS.
724 885 773 956 pt.
824 876 915 938 soria
929 886 960 938 et
980 875 1132 939 versiculi
1153 878 1202 939 aa’
1220 877 1319 940 noras
1338 879 1423 941 stetit

179 966 347 1028 Dominus
363 966 521 1047 regnavit.
558 965 625 1027 An.
651 964 701 1026 Te
717 964 773 1046 qui
827 964 863 1026 in
884 964 938 1026 die
959 964 1145 1045 epiphanie:
1167 986 1239 1028 cuin
1255 967 1420 1030 oratione:

177 1055 333 1135 inspiritu
345 1051 775 1136 etignepurificashumana
828 1053 920 1115 Deus
936 1052 1030 1134 cujus
1045 1053 1242 1134 unigenitus.
1279 1055 1343 1118 Ad
1352 1077 1420 1118 sen-

177 1143 334 1225 contagia
354 1143 454 1205 deum
475 1151 509 1205 et
530 1141 774 1222 redemptorem
826 1151 895 1203 tane
912 1151 964 1205 an.
1012 1142 1204 1222 Baptizatur
1223 1142 1372 1207 Christus
1386 1154 1420 1208 et

177 1251 295 1294 omnes
306 1230 536 1312 glorificamus.
557 1229 774 1310 thubilate.
826 1230 1049 1292 sanctificatur
1075 1232 1184 1293 omnis
1201 1233 1362 1297 mundus:
1387 1244 1420 1297 et

176 1321 208 1382 A
214 1329 245 1383 n.
271 1320 424 1401 Baptista
444 1319 643 1382 contremuit
658 1327 692 1380 et
707 1337 773 1380 non
825 1317 940 1380 tribuit
955 1317 1051 1381 nobis
1066 1319 1291 1383 remissionem
1304 1341 1420 1403 pecca-

177 1410 280 1471 audet
302 1417 439 1490 tangere
461 1415 611 1470 sanctum
635 1406 688 1469 dei
704 1427 775 1469 ver·
825 1416 954 1470 torum:
981 1426 1070 1488 aqua
1093 1416 1127 1470 et
1157 1409 1272 1489 spiritu
1303 1429 1418 1472 omnes

176 1499 277 1560 tieem
305 1497 363 1559 sed
386 1495 511 1559 clamat
533 1515 608 1558 cum
633 1504 776 1557 tremore
824 1495 1043 1576 purificamur.
1095 1505 1145 1575 pt.
1177 1496 1317 1561 Defecit.
1361 1500 1424 1563 An

177 1585 349 1649 sanctifica
364 1606 417 1648 me
432 1584 584 1648 salvator.
615 1593 664 1664 ps'.
681 1584 775 1646 Deus
824 1604 942 1646 nonem
966 1592 1020 1646 an.
1045 1583 1173 1647 Peccati
1190 1584 1323 1648 aculeus
1342 1608 1419 1650 con·

177 1676 261 1737 deus
278 1695 379 1737 meus,
411 1674 442 1736 Α
448 1683 478 1736 n.
495 1673 606 1754 Caput
622 1673 774 1735 draconis
824 1673 940 1734 teritur
955 1671 1053 1734 hodie
1068 1673 1239 1753 baptizato
1261 1674 1419 1740 domino:

147 1762 325 1825 ¹salvator
364 1762 518 1825 contrivit
556 1763 589 1824 in
624 1760 774 1842 jordanis
825 1769 859 1823 et
875 1760 970 1823 nobis
985 1761 1111 1824 donata
1133 1771 1184 1825 est
1207 1765 1420 1843 regeneratio.

178 1852 315 1914 flumine
330 1851 374 1914 ab
389 1851 460 1932 ejus
475 1858 642 1932 potestate
657 1869 774 1912 omnes
817 1858 867 1930 pt.
893 1848 1067 1912 Mirabilia.
1111 1849 1175 1912 Ad
1195 1863 1340 1932 vesperos
1365 1862 1419 1916 ari.

178 1942 309 2023 eripuit.
362 1949 412 2021 pi.
451 1939 650 2002 Benedicite.
706 1939 773 2001 An.
824 1938 980 2000 Veterem
996 1936 1174 2003 hominem.
1205 1949 1236 2002 et
1252 1950 1420 2004 ceterean-

180 2031 345 2109 Magnum
373 2029 567 2109 mysterium
590 2025 775 2089 declaratur
825 2025 951 2107 titiane
971 2026 1010 2088 de
1034 2026 1193 2091 laudibus.
1247 2037 1297 2109 pt.
1324 2030 1421 2094 Dixit

178 2118 279 2180 hodie
305 2118 384 2199 quia
409 2125 537 2180 creator
561 2116 710 2178 omnium
741 2116 775 2177 in
826 2115 980 2178 dominus
994 2123 1046 2177 etc.
1080 2115 1154 2196 Cap.
1179 2117 1324 2180 Domine
1339 2119 1421 2182 deus

176 2206 488 2288 jordaneexpurgat
498 2214 611 2267 nostra
622 2205 774 2267 facinora.
826 2224 927 2267 meus,
973 2203 1136 2284 Hynenns.
1184 2205 1301 2268 Hostis
1327 2206 1421 2271 hero·

176 2304 223 2376 pi.
250 2294 400 2357 Laudate
416 2294 597 2356 dominum.
672 2286 774 2373 Capit.
826 2294 893 2355 des
924 2292 1068 2377 pReges
1079 2292 1206 2356 tharsis.
1236 2295 1279 2357 In
1293 2316 1421 2378 evange.

179 2384 370 2515 Domine
397 2383 479 2446 deus
503 2402 596 2444 meus
620 2380 775 2444 honorifi-
825 2390 878 2444 an.
902 2382 1025 2444 Fontes
1041 2401 1202 2462 aquarum
1223 2384 1419 2448 sanctificati

258 2472 341 2534 cabo
375 2480 427 2534 te:
462 2471 594 2533 laudem
632 2469 775 2533 tribuam
826 2478 904 2532 sunt
921 2469 1052 2534 Christo
1069 2479 1248 2552 apparente
1264 2472 1297 2534 in
1316 2472 1422 2554 gloria

182 2561 308 2622 nomini
332 2570 391 2623 tuo
421 2561 478 2641 qui
505 2559 586 2621 facis
610 2557 775 2620 mirabiles
827 2557 898 2620 orbi
922 2566 1081 2620 terrarum
1104 2558 1232 2622 haurite
1254 2580 1356 2641 aquas
1380 2563 1422 2625 de

181 2670 253 2710 res:
277 2647 450 2711 consilium
473 2657 569 2710 tuum
600 2647 775 2728 antiquum
826 2647 918 2710 fonte
956 2645 1158 2710 salvatoris:
1203 2649 1422 2714 sanctificavit

180 2755 295 2800 verum
322 2746 401 2800 erat.
447 2736 609 2816 Hymnus.
659 2735 776 2798 Hostis
826 2736 915 2797 enim
946 2755 1033 2798 nunc
1067 2755 1200 2797 omnem
1239 2747 1421 2800 creaturam

180 2826 328 2888 herodes.
375 2826 529 2910 pVenit
559 2824 679 2887 lumen.
733 2825 776 2887 In
829 2823 978 2887 Christus
995 2823 1077 2885 deus
1100 2832 1219 2906 noster.
1258 2835 1308 2905 pt.
1326 2827 1422 2908 Mag-

179 2935 306 2994 eonnge.
322 2923 374 2977 an.
421 2913 595 2976 Precursor
613 2912 776 2995 johannes
828 2912 948 2975 nificat.
1016 2911 1137 2976 Oratio.
1206 2912 1298 2975 Deus
1328 2915 1423 2996 cujus

180 3003 314 3065 exultat
341 3023 415 3066 cum
437 3002 577 3083 jordane
606 3002 777 3083 baptizato
828 3001 1026 3082 unigenitus,
1072 3000 1237 3064 Memoria
1259 3002 1298 3064 a'e
1312 3014 1423 3065 saneta

180 3092 334 3155 domino:
350 3092 438 3154 iacta
447 3100 498 3154 est
512 3091 601 3154 orbis
616 3100 775 3154 terrarum
828 3089 956 3152 inania:
971 3098 1003 3151 et
1015 3088 1056 3151 a'e
1067 3099 1177 3151 saneto
1184 3089 1421 3172 felieepresby-

181 3171 369 3244 exultatio:
393 3180 481 3243 facta
507 3189 558 3242 est
588 3187 775 3241 nostrorum
827 3188 892 3253 tero
921 3188 954 3240 et
980 3177 1162 3257 confissone.
1206 3188 1259 3242 an.
1289 3181 1421 3260 Justum

180 3278 393 3352 peccatorum
410 3269 557 3331 remissio
567 3267 776 3331 sanctificans
827 3266 977 3330 deduxit.
1001 3266 1175 3351 pAmavit
1187 3288 1271 3331 eum.
1299 3268 1421 3333 Oratio.

181 3379 308 3440 aquas:
346 3358 408 3440 ipsi
446 3377 561 3419 omnes
596 3356 776 3420 clamemus
828 3356 983 3420 Concede
1007 3375 1187 3437 quesumus
1210 3357 1422 3440 omnipotens

181 3448 335 3510 miserere
351 3445 455 3509 nobis.
493 3455 543 3526 pt.
569 3445 775 3508 Benedictus.
826 3445 930 3508 deus:
968 3452 1005 3506 ut
1035 3444 1078 3506 ad
1109 3444 1278 3508 meliorem
1309 3448 1422 3510 vitam.

185 3536 308 3600 Oratio.
355 3536 447 3598 Deus
471 3533 563 3615 cujus
579 3534 775 3615 unigenitus,
826 3533 889 3596 Aa'
907 3532 1140 3614 completorium
1160 3543 1318 3615 utsupra.
1356 3536 1425 3599 nin

181 3623 348 3687 Memorio
358 3624 524 3686 desanctis
538 3622 776 3702 confessoribus.
827 3622 863 3686 in
877 3621 1008 3684 sabbato
1031 3623 1193 3684 evenerint
1220 3633 1331 3687 octove.
1380 3624 1425 3687 Si

181 3714 250 3776 An.
282 3712 357 3777 Sint
384 3711 496 3775 lumbi.
540 3710 778 3797 ySacerdotes
828 3731 900 3774 vero
920 3719 1027 3772 octove
1047 3709 1108 3772 iste
1122 3709 1157 3772 in
1171 3711 1301 3774 sabbato
1315 3734 1423 3775 evene-

180 3803 238 3865 tui.
274 3801 396 3865 Oratio.
427 3801 520 3863 Deus
535 3801 592 3883 qui
608 3820 677 3862 nos
704 3799 777 3861 Me·
829 3801 899 3863 rint
907 3821 919 3860 .·
935 3809 1057 3879 vespere
1070 3798 1225 3861 dieantur
1237 3799 1290 3862 die
1309 3801 1421 3863 sabba-

182 3889 290 3953 nnoria
326 3891 366 3954 a'e
400 3899 512 3952 sancte
550 3888 667 3951 enoria.
719 3887 782 3949 Aa'
829 3888 857 3950 ti
881 3887 921 3949 de
947 3885 1109 3950 dominica
1138 3908 1210 3949 cum
1240 3889 1423 3968 onttpliona.

175 3979 333 4062 prienam.
379 3979 445 4041 An.
477 3977 579 4058 Aqua
609 3975 773 4038 comburit
830 3975 1036 4039 Benedictus.
1074 3985 1106 4037 et
1119 3985 1359 4057 eeterapropter
1372 3979 1422 4041 in-

182 4077 356 4151 peccatum
372 4066 471 4130 hodie
486 4086 649 4148 apparens
662 4064 778 4127 libera·
828 4063 997 4146 ceptionem
1026 4063 1180 4127 historie:
1217 4074 1248 4127 et
1268 4067 1423 4130 anemoria

184 4167 237 4220 tor
252 4165 285 4219 et
301 4166 389 4219 rorat
404 4175 539 4218 omnem
556 4155 716 4216 mundum
729 4154 777 4216 di·
820 4153 890 4235 fiat
917 4152 956 4215 de
983 4152 1105 4215 octave's
1137 4174 1209 4215 cnm
1238 4155 1421 4236 antiphone.

182 4246 330 4309 vinitatis
342 4266 413 4327 ope.
446 4253 496 4324 pt.
513 4245 605 4307 Deus
622 4244 656 4304 in
672 4242 777 4305 nomi·
830 4244 954 4306 Fontes
969 4261 1138 4322 aquarum.
1168 4259 1189 4328 p
1209 4243 1318 4323 Reges
1334 4245 1423 4306 thar-

183 4355 234 4397 ne.
280 4335 356 4397 Non
372 4342 516 4395 mutetur
535 4331 711 4412 antiphona
732 4330 781 4393 ad
828 4331 880 4394 sis,
912 4330 982 4392 sine
1002 4329 1142 4393 alleluia.
1179 4330 1302 4396 Onatio.
1331 4334 1423 4395 Deus

174 4423 343 4505 psalmum
381 4421 578 4505 Quicunque
611 4419 690 4483 vult.
720 4418 783 4483 Ad
828 4418 922 4500 cujus
959 4419 1156 4499 unigenitus.
1225 4420 1352 4483 Deinde
1386 4422 1426 4484 de

182 4512 323 4576 tertiam.
353 4520 404 4574 aa.
437 4511 535 4572 Pater
557 4511 600 4574 de
622 4508 701 4570 celis
717 4506 777 4570 fili·
828 4516 940 4570 sancta
955 4506 1085 4570 maria:
1099 4517 1130 4570 et
1142 4507 1182 4569 de
1195 4509 1422 4588 sanetoseliee:

1315 4623 1338 4671 O
