3014 5032
707 298 759 354 IN
782 297 945 356 OCTAVA

467 407 526 463 191
1126 405 1196 463 192

209 516 341 599 spiritus
366 514 398 576 in
422 507 585 578 columba.
631 514 708 576 Non
725 535 804 595 ergo
855 513 937 578 fecit
972 513 1127 576 dominus
1172 512 1256 577 all'a.
1304 512 1463 580 Salutate

209 606 365 666 miremur
389 602 505 665 fratres
529 601 649 683 quibus
674 603 707 663 in
734 602 803 664 fide
854 622 950 664 suum
967 601 1106 665 alleluia.
1159 610 1210 682 ps‘.
1234 601 1379 667 Cantate
1399 602 1460 686 (ij.)

207 701 258 754 est
286 691 423 753 trinitas,
448 690 474 752 si
491 691 554 751 tria
576 710 678 752 unum
705 689 802 751 nobis
855 690 1160 775 yOmnesgentes
1193 688 1258 752 Sec.
1265 689 1458 772 johannem.

208 780 297 842 diem
314 778 460 841 misteria
475 784 707 840 consecrarunt
721 798 728 840 :
744 776 804 839 ho·
853 780 925 909 ln
939 778 995 840 illo
1007 787 1172 858 tempore:
1184 777 1280 841 Vidit
1289 778 1458 859 johannes

208 867 262 930 die
285 867 398 948 itaque
428 875 464 929 ut
502 865 648 928 diximus
686 884 803 945 magus
903 866 1017 946 Jesum
1032 867 1221 928 venientem
1243 865 1286 928 ad
1303 886 1340 929 se
1356 875 1391 929 et
1409 867 1455 931 ait

208 975 267 1036 per
282 954 412 1017 stellam
424 954 562 1035 reperit:
579 953 670 1035 quod
682 952 803 1033 judeus
856 952 943 1015 Ecce
958 972 1064 1034 agnus
1087 953 1159 1016 dei:
1181 973 1258 1016 ecce
1281 955 1341 1036 qui
1367 953 1458 1021 tollit

207 1043 314 1106 noluit
345 1042 476 1105 credere
507 1061 567 1122 per
603 1040 802 1123 prophetas:
853 1050 990 1121 peccata
1006 1041 1129 1104 mundi.
1143 1069 1147 1075 ’·
1176 1042 1222 1105 Et
1237 1041 1374 1123 reliqua.

199 1131 307 1194 *hodie
330 1129 499 1211 gentilitas
519 1131 638 1192 edocta
653 1129 696 1190 de
711 1127 802 1191 celo:
857 1128 984 1192 Omclio
1006 1127 1199 1197 venerabilis
1224 1128 1298 1192 bcdc
1322 1129 1454 1211 presby·

207 1219 452 1300 redemptorem
478 1218 592 1280 mundi
616 1217 750 1298 inquirit
766 1224 802 1278 ut
854 1216 923 1279 tcci.
1260 1217 1373 1281 Lectio
1395 1219 1454 1300 vij.

206 1327 345 1388 regem:
370 1314 560 1368 muneratur
590 1313 627 1367 ut
657 1304 802 1366 fortem:
929 1323 985 1367 cce
1009 1303 1117 1386 inquit
1138 1305 1323 1387 johannes:
1347 1326 1454 1388 agnus

207 1397 323 1458 adorat
339 1403 376 1456 ut
392 1394 500 1456 deum.
538 1393 583 1454 Et
595 1412 696 1472 quam
714 1399 803 1454 recte
929 1392 1008 1455 dei:
1041 1413 1117 1456 ecce
1155 1393 1315 1461 innocens
1353 1402 1388 1457 et
1411 1395 1455 1458 ab

207 1482 387 1546 charissimi
414 1482 448 1543 in
474 1480 700 1542 testimonium
718 1499 802 1542 nove
853 1481 944 1541 omni
974 1490 1113 1561 peccato
1143 1481 1302 1545 immunis
1332 1491 1451 1564 utpote

207 1571 411 1633 nativitatis:
428 1588 515 1630 nova
531 1568 626 1629 terris
642 1566 738 1629 stella
754 1587 803 1629 re·
853 1568 946 1649 cujus
984 1588 1022 1630 os
1067 1568 1202 1650 quidem
1240 1569 1283 1632 de
1322 1571 1452 1635 ossibus

206 1658 382 1740 splenduit.
649 1655 757 1717 Lectio
773 1676 801 1718 v.
852 1655 974 1718 adam:
998 1665 1031 1718 et
1046 1676 1123 1719 caro
1143 1657 1185 1720 de
1208 1677 1307 1720 carne
1330 1657 1452 1723 adam:

204 1749 295 1878 Ν
296 1766 359 1808 ova
375 1743 471 1806 stella
491 1742 694 1824 resplenduit
710 1742 802 1822 cujus
853 1744 911 1805 sed
928 1743 1053 1807 nullam
1077 1745 1119 1807 de
1144 1764 1242 1808 carne
1266 1747 1453 1827 peccatrice

297 1833 411 1914 utique
431 1832 607 1913 judeorum
626 1851 708 1911 gens
729 1851 801 1912 per·
853 1831 958 1894 traxit
982 1832 1146 1914 maculam
1165 1832 1270 1915 culpe.
1316 1834 1376 1899 Rc.
1392 1835 1452 1899 Vi-

203 1922 294 1986 fida:
318 1941 378 1983 nec
402 1919 529 1982 radium
546 1918 710 1981 occultare
726 1939 801 2000 pos·
852 1920 970 1982 dentes
986 1919 1126 1984 stellam.
1235 1980 1238 1985 .
1255 1921 1366 1985 Lectio
1381 1922 1451 2005 viij.

204 2012 269 2073 sit:
298 2029 358 2071 nec
386 2006 588 2071 abscondere
619 2008 801 2070 veritatem.
852 2010 983 2138 Ecce
999 2009 1056 2090 qui
1072 2008 1158 2071 tollit
1173 2016 1314 2090 peccata
1325 2011 1450 2075 mundi

204 2099 323 2178 Neque
333 2096 421 2158 enim
435 2094 501 2157 ulla
513 2095 583 2176 jam
599 2116 658 2176 per
674 2115 730 2157 eos
743 2116 801 2176 po·
928 2096 1015 2159 Ecce
1031 2097 1087 2179 qui
1107 2097 1217 2177 justus
1232 2097 1320 2162 inter
1335 2119 1452 2180 pecca·

203 2195 290 2249 terat
313 2184 422 2247 locum
445 2182 567 2245 habere
591 2182 736 2264 maligne
752 2183 800 2244 in·
850 2192 958 2246 tores:
983 2185 1072 2247 mitis
1102 2185 1188 2248 inter
1217 2184 1366 2268 impios:
1389 2187 1452 2252 hoc

203 2272 448 2354 terpretationis
486 2271 698 2335 obscuritas:
744 2270 800 2333 ubi
852 2280 920 2335 est:
945 2272 1038 2352 quasi
1054 2292 1161 2353 agnus
1177 2273 1263 2335 inter
1278 2272 1378 2356 lupos
1394 2296 1454 2358 ap·

203 2362 311 2425 celum
327 2361 435 2442 ipsum
452 2359 677 2421 universorum
694 2358 799 2421 oculis
852 2379 990 2440 parens:
1014 2361 1115 2423 etiarn
1132 2369 1324 2443 peccatores
1339 2371 1375 2426 et
1391 2364 1451 2428 im-

203 2450 336 2531 syderio
360 2448 484 2510 lumine
509 2446 673 2510 credendo
697 2446 801 2528 fulge·
851 2446 924 2528 pios
945 2447 1148 2529 justificandi
1175 2447 1277 2514 habet
1303 2460 1450 2532 potesta·

202 2539 270 2602 bat.
636 2534 743 2596 Lectio
758 2536 800 2616 ψ’.
851 2543 929 2598 tem.
974 2535 1234 2617 Responsorium.
1267 2537 1350 2602 Tria
1374 2549 1451 2604 sunt

203 2628 293 2758 Et
323 2644 423 2706 quam
451 2622 514 2686 hoc
537 2621 688 2685 mirabile
710 2623 799 2704 quod
853 2644 989 2687 munera
1005 2645 1080 2706 que.
1279 2626 1390 2690 Lectio
1405 2628 1449 2694 ix.

279 2713 420 2795 exiguus
444 2710 540 2773 stelle
570 2711 699 2774 radius:
731 2719 801 2773 stu·
920 2713 1065 2775 uomodo
1076 2721 1188 2776 autem
1200 2722 1340 2795 peccata
1355 2736 1450 2781 mun·

203 2803 318 2885 pentia
376 2800 638 2881 alienigenarum
700 2800 800 2862 corda
918 2800 952 2862 di
969 2800 1084 2864 tollat:
1108 2800 1159 2863 vel
1175 2810 1369 2883 peccatores
1381 2804 1449 2886 jus·

204 2888 369 2973 permovit
399 2908 474 2952 cum
506 2886 600 2949 illum
628 2886 799 2968 judaicum
850 2887 973 2951 tificet:
995 2887 1159 2969 johannes
1185 2890 1360 2972 apostolus
1385 2901 1448 2957 tes·

205 2978 388 3062 populum:
427 2976 478 3040 cui
510 2995 600 3039 mare
631 2975 799 3040 divisum:
850 2983 940 3038 tatur
962 2976 1083 3041 dicens.
1118 2974 1184 3058 Qui
1201 2976 1322 3042 dilexit
1337 3000 1402 3044 nos
1416 2990 1449 3045 et

201 3067 426 3148 cuiprebitum
437 3063 632 3127 manna¹de
641 3062 798 3127 nubibus:
850 3063 931 3126 lavit
955 3084 1015 3126 nos
1042 3086 1063 3128 a
1092 3066 1237 3145 peccatis
1267 3068 1393 3132 nostris
1416 3070 1448 3133 in

201 3176 262 3218 nec
279 3155 376 3235 ignea
388 3152 532 3233 potuerit
545 3160 578 3213 et
590 3151 663 3232 ipsa
674 3151 716 3213 de
726 3150 799 3214 celo
850 3152 1010 3233 sanguine
1036 3173 1105 3217 su0.
1153 3153 1304 3218 Christus
1334 3165 1448 3221 autem

202 3244 328 3305 micans
344 3239 486 3303 colunna
502 3247 699 3302 convertere.
732 3238 799 3302 Sed
849 3239 965 3302 fratres
989 3240 1070 3304 lavit
1091 3261 1152 3304 nos
1168 3263 1188 3305 a
1203 3244 1349 3324 peccatis
1367 3265 1448 3313 nos·

198 3330 268 3412 jam
285 3329 326 3390 ad
352 3326 473 3392 Christi
497 3326 700 3407 baptismum
724 3346 799 3406 pro·
849 3328 908 3390 tris
924 3328 957 3389 in
973 3329 1135 3410 sanguine
1150 3350 1230 3396 suo:
1254 3351 1323 3395 non
1337 3333 1448 3399 solum

200 3436 362 3499 peremus.
406 3415 508 3477 Venit
531 3414 630 3494 igitur
652 3413 748 3493 Jesus
764 3413 798 3476 in
848 3417 983 3496 quando
1010 3419 1205 3499 sanguinem
1232 3439 1331 3483 suum
1354 3422 1448 3487 dedit

198 3504 392 3587 jordanem:
416 3511 454 3565 ut
476 3501 699 3584 baptizaretur
714 3522 734 3563 a
746 3501 798 3583 jo·
848 3504 881 3564 in
907 3523 1003 3567 cruce
1020 3525 1081 3587 pro
1102 3505 1219 3571 nobis:
1241 3506 1297 3573 vel
1311 3510 1449 3590 quando

201 3594 318 3656 hanne.
366 3590 427 3655 Cui
451 3590 497 3653 ait
517 3590 681 3671 johannes
698 3609 796 3670 egoa
849 3594 1075 3675 unusquisque
1106 3602 1256 3658 nostrum
1287 3599 1449 3680 mysterio

200 3689 234 3744 te
250 3679 356 3743 debeo
372 3678 532 3760 baptizari
555 3679 634 3759 quia
650 3677 730 3741 mihi
747 3685 797 3741 est
847 3680 1010 3761 passionis
1044 3680 1131 3744 illius
1160 3681 1330 3764 baptismo
1361 3706 1448 3771 aque

200 3791 244 3832 ex
275 3776 414 3850 paterna
444 3766 703 3848 prevaricatione
727 3786 796 3828 cor·
847 3767 979 3831 ablutus
1008 3777 1078 3833 est:
1112 3770 1170 3833 sed
1187 3770 1339 3837 ²cotidie
1354 3773 1448 3841 lavat

201 3859 331 3939 ruptio:
348 3865 382 3919 et
398 3854 457 3918 tibi
474 3855 507 3916 in
523 3863 662 3936 paterna
678 3854 796 3936 majes-
848 3876 907 3918 nos
924 3857 1084 3938 sanguine
1100 3878 1161 3921 suo
1175 3879 1183 3922 τ
1198 3878 1277 3922 cum
1294 3860 1448 3943 ejusdem

203 3955 273 4009 tate
289 3944 488 4007 communio.
847 3943 944 4007 beate
968 3946 1131 4026 passionis
1157 3949 1320 4012 memoria
1340 3951 1387 4015 ad
1402 3951 1447 4017 al-

243 4035 285 4096 Jn
302 4033 357 4114 iij.
375 4041 525 4094 nocturno
546 4039 599 4093 ori.
644 4031 796 4093 Adorate
847 4041 917 4095 tare
933 4032 1116 4115 replicatur.
1151 4035 1208 4099 Rc.
1226 4035 1267 4099 In
1282 4028 1445 4105 columbe

200 4121 381 4183 dominum.
424 4129 471 4200 pt.
490 4119 631 4183 Cantate
663 4119 719 4200 (j.)
743 4127 795 4182 ori.
839 4129 889 4200 pt.
906 4121 956 4183 Te
973 4121 1072 4185 deum
1089 4121 1277 4189 laudamus.
1314 4127 1447 4212 yOm-

198 4210 349 4273 Adorate
380 4208 490 4270 deum.
549 4216 599 4287 pt.
631 4207 795 4269 Dominus
847 4229 905 4271 nes
922 4208 963 4271 de
980 4209 1060 4274 saba
1078 4211 1225 4277 veniunt

197 4298 347 4380 regnavit
377 4294 514 4358 exultet.
569 4295 635 4358 Ari.
668 4295 808 4358 Notum.
846 4297 889 4360 In
904 4297 1065 4362 laudibus.
1265 4303 1447 4389 antiphone.

358 4488 364 4515 ¹
383 4501 491 4534 menna:
509 4484 550 4535 W.
1024 4491 1033 4518 ²
1054 4491 1107 4538 ‘et'
1120 4489 1170 4537 add
1183 4507 1188 4539 :
1200 4489 1234 4542 G.
