3014 5032
599 277 732 331 PRIMA
759 277 993 333 ADVENTUS.

453 388 495 442 at
1090 391 1141 444 22

175 493 328 576 concepit
343 494 384 557 de
398 494 514 576 spiritu
524 504 647 559 sancto.
678 493 771 558 Alle-
820 505 873 559 tus
900 496 984 559 filius
1014 505 1090 560 tuus
1119 496 1274 561 dominus
1301 505 1412 560 noster

176 582 251 645 luia.
282 592 333 664 ps.
350 583 556 647 Benedictus,
600 583 771 646 Dictaan-
820 605 896 647 cum
912 584 1064 648 omnibus
1087 586 1230 649 sanctis:
1261 594 1411 666 paratam

178 671 309 752 teplona
321 671 484 751 prostrati
499 672 622 734 ornnes¹
639 672 771 753 subsun-
820 673 883 735 sibi
893 673 926 735 in
937 674 1031 736 nobis
1042 674 1186 736 inveniat
1197 674 1415 737 mansionem.

171 769 259 840 gent
274 759 518 841 Kyrieleyson.²
556 759 604 841 iij.
627 759 772 824 Christe·
822 759 888 842 Qui
903 771 1012 825 tecum
1028 762 1116 824 vivit.
1157 761 1237 826 Cum
1253 761 1414 823 lcacanti-

177 848 301 929 leyson.
319 847 366 928 iij.
377 847 606 929 Kyrieleyson.
617 848 664 931 iij.
676 848 772 910 Pater
813 848 923 930 pliona
949 849 1100 912 versiculo
1129 859 1161 912 ct
1184 850 1326 912 oratioue
1344 849 1415 931 fiat

178 944 291 998 noster
305 945 357 999 etc.
394 936 493 999 Dicta
508 946 615 999 auteur
631 937 775 999 oratione
821 938 975 1000 memoria
989 938 1028 1000 ele
1046 937 1193 1001 omnibus
1213 938 1333 1001 sanctis
1346 938 1415 1000 sin·

177 1024 400 1086 dominicalia
414 1023 554 1105 singulos
568 1034 698 1088 secrete:
720 1046 772 1087 sa·
816 1026 907 1106 gulz's
922 1026 1031 1088 elz'e‘bus
1045 1026 1202 1107 profestis
1214 1037 1275 1107 per
1296 1027 1414 1088 adven-

176 1112 284 1174 cerdos
297 1111 385 1175 elicot
396 1113 441 1175 Et
457 1133 498 1175 ne
515 1133 575 1175 nos
587 1113 723 1176 inducas
739 1114 772 1176 in
822 1124 913 1177 tuuc:
947 1123 1015 1176 tarn
1041 1114 1089 1176 ael
1108 1115 1288 1176 matutinas
1316 1134 1414 1196 quarn

178 1201 407 1264 tentationem.
466 1201 533 1266 Sed
564 1201 666 1264 libera
703 1222 771 1264 nos
821 1204 869 1264 oa'
880 1213 1031 1283 vesperas.
1048 1203 1178 1284 exceptis
1193 1201 1329 1283 vesperis
1343 1202 1416 1283 qui-

179 1290 257 1369 Ego
282 1289 361 1352 dixi.
399 1298 430 1351 et
448 1299 564 1351 ceteras
582 1300 689 1371 preces
711 1290 772 1352 rni-
822 1291 880 1353 bus
896 1291 925 1356 O
942 1291 1101 1353 decimus:
1121 1290 1198 1372 quio
1214 1291 1248 1351 iu
1265 1289 1333 1352 illis
1348 1299 1418 1352 ves-

179 1398 270 1439 nores
286 1401 298 1440 .·
325 1386 426 1458 prout
447 1387 603 1440 notantur
615 1388 690 1459 post
711 1388 772 1441 ter·
813 1381 905 1460 peris
919 1400 972 1441 nec
976 1379 1025 1461 fit
1036 1379 1189 1441 memoria
1204 1379 1243 1440 a'e
1257 1376 1414 1442 domina:

178 1466 262 1527 tiarn
286 1465 320 1527 in
336 1466 498 1547 psalterio.
562 1466 676 1529 Oratio
700 1467 773 1529 Ex·
821 1488 918 1547 neque
931 1468 970 1529 de
980 1467 1128 1530 omnibus
1142 1467 1269 1529 sanetis.

178 1554 246 1617 cita
275 1554 409 1616 domine
439 1564 477 1616 ut
503 1565 611 1635 supra.
668 1555 773 1632 etEt
824 1556 1069 1633 {Notandum
1092 1556 1178 1636 quod
1204 1553 1414 1635 kyrieleyson

179 1643 357 1704 notandum
372 1643 459 1723 quod
470 1652 598 1704 tanturn
614 1642 649 1705 in
666 1652 772 1705 matu·
821 1654 852 1706 et
857 1655 964 1725 preces
978 1644 1126 1706 dicentur
1138 1644 1187 1705 aa'
1198 1642 1310 1705 laudes
1324 1642 1413 1704 curn³

178 1730 260 1792 tiuis
282 1741 313 1792 et
337 1730 472 1812 vesperis
494 1740 603 1811 surget
630 1732 775 1793 sacerdos
814 1731 1058 1814 prostratione:
1090 1731 1233 1814 quotiens
1260 1732 1300 1794 a'e
1320 1731 1414 1812 feria

178 1819 228 1880 ad
251 1818 442 1881 versiculum
469 1819 605 1901 Exurge
629 1820 771 1883 domine.
821 1821 935 1901 agitur
968 1829 1058 1883 entra
1092 1831 1213 1901 ternpus
1241 1818 1416 1901 pascleale:

178 1906 270 1968 cleoro
292 1916 464 1987 prostrato.
520 1907 562 1969 In
593 1907 671 1970 aliis
699 1929 772 1970 vero
822 1909 889 1971 nisi
901 1906 1296 1990 quandoevangeliumad
1308 1918 1415 1970 rnatu-

178 1994 268 2057 lzoris
296 2016 367 2057 cum
397 1995 475 2057 alies
500 1995 563 2058 erit
584 1996 680 2059 etiam
696 2006 774 2077 pro-
822 1997 910 2059 tinas
926 1997 959 2059 in
976 1997 1056 2078 ipsis
1061 1995 1164 2078 feriis
1167 1996 1412 2077 pronunciatur.

178 2092 418 2165 stratususque
432 2092 507 2164 post
523 2083 722 2147 orationem:
744 2093 775 2146 ct
822 2094 897 2148 tunc
924 2085 1009 2147 enirn
1032 2095 1138 2166 preces
1166 2086 1215 2149 od
1234 2084 1415 2147 matutinas

177 2172 226 2234 sic
244 2171 307 2252 fiet
329 2183 451 2253 semper
473 2172 599 2253 quando
624 2173 664 2234 de
679 2173 773 2252 feria
822 2173 946 2236 omitti⁴
968 2174 1084 2236 debent.
1132 2173 1196 2236 Aa'
1216 2173 1314 2235 leores
1340 2192 1413 2235 vero

177 2260 302 2322 dicitur
334 2271 429 2322 entra
464 2270 585 2342 tempus
612 2261 772 2340 paschale.
821 2263 968 2324 dicentur
992 2262 1135 2342 quotiens
1158 2263 1198 2324 ele
1217 2262 1311 2342 feria
1340 2260 1413 2341 agi-

177 2348 279 2411 Dicta
316 2347 457 2411 oratione
491 2359 631 2430 surgant
658 2370 772 2412 ornnes.
822 2359 904 2412 tur:
940 2350 1008 2413 sive
1038 2350 1238 2431 evangelium
1268 2361 1415 2431 pronun-

177 2437 343 2499 Memoria
357 2438 520 2499 desancta
544 2437 660 2500 moria.
704 2437 770 2500 Ari,
821 2439 922 2501 cietur
940 2439 1010 2500 sive
1031 2459 1114 2502 non:
1144 2439 1270 2519 vigiliis
1293 2437 1415 2500 nativi-

180 2525 465 2606 Spiritussanctus.
526 2525 773 2607 YEgredietur
823 2527 902 2589 tatis
938 2526 1080 2590 domiui:
1117 2527 1303 2608 epiphanie:
1334 2537 1413 2607 pas-

177 2615 272 2695 virga
286 2613 335 2676 de.
384 2612 506 2678 Oratio.
553 2614 643 2676 Deus
659 2614 715 2695 qui
731 2614 773 2676 de
822 2615 896 2678 clze:
919 2625 949 2678 et
977 2625 1112 2697 ternpore
1134 2615 1284 2695 pasclzali
1313 2625 1414 2695 enep-

178 2702 279 2764 beate
317 2703 425 2765 marie.
474 2700 555 2766 Cum
591 2701 652 2764 leae
687 2702 773 2764 anti·
823 2704 873 2767 tis.

172 2789 283 2870 pliona
313 2790 464 2852 versiculo
493 2800 524 2852 ct
551 2790 692 2853 oratione
705 2790 775 2872 fiat
865 2791 928 2853 Aa
956 2790 1104 2872 primaru
1155 2789 1222 2852 Ari.
1275 2790 1412 2852 Paratus

179 2878 382 2941 memoriale
395 2878 526 2941 domina
537 2879 585 2941 ad
593 2879 773 2941 rnatutinas
822 2888 893 2942 esto
910 2878 1004 2941 israel
1019 2880 1052 2940 in
1076 2898 1245 2941 occursum
1269 2877 1414 2941 domini:

178 2966 319 3046 singulis
340 2967 450 3030 diebus
476 2967 569 3046 iufra
598 2968 772 3029 adventum
823 2968 978 3048 quoniam
1002 2967 1098 3029 venit.
1124 2975 1173 3047 ps.
1199 2966 1290 3028 Deus
1307 2967 1339 3027 in
1355 2987 1414 3028 no-

179 3075 279 3136 usque
312 3055 360 3117 ad
401 3055 551 3137 vigiliam
588 3055 774 3117 nativitatis
824 3057 918 3118 mine.
943 3065 993 3136 ps.
1017 3055 1111 3118 Beati
1128 3054 1337 3117 immaculati.
1363 3063 1413 3134 ps.

178 3143 325 3205 domini:
348 3143 415 3205 nisi
437 3144 563 3225 qnando
578 3143 627 3226 fit
639 3144 772 3225 plenum
823 3143 990 3207 Retribue.
1020 3144 1087 3206 Ari.
1101 3143 1241 3207 Adesto,
1258 3152 1307 3223 ps.
1331 3142 1413 3224 Qui·

178 3231 350 3293 servitium
365 3232 405 3294 a'e
425 3231 563 3295 domina.
608 3232 772 3295 Memoria
823 3253 951 3314 cunque
973 3232 1052 3295 vult.
1111 3232 1176 3294 Isti
1198 3231 1325 3312 psalmi
1338 3242 1441 3312 pre-¹

178 3321 219 3382 ele
232 3319 379 3382 omnibus
399 3320 527 3383 sanctis.
571 3319 637 3382 Ari.
685 3320 771 3382 Ecce
821 3321 902 3383 dicti
914 3321 969 3383 loc
990 3320 1102 3383 ordine
1115 3320 1328 3382 dicauturoel
1339 3319 1412 3399 pri-

179 3409 335 3470 dominus
346 3410 473 3472 veniet:
491 3417 525 3471 et
540 3428 655 3471 omnes
666 3409 770 3471 sancti
821 3430 910 3470 marn
932 3419 994 3489 per
1022 3418 1122 3471 toturn
1157 3428 1280 3471 aunurn
1297 3432 1309 3471 :
1348 3407 1414 3469 nisi

179 3497 251 3577 ejus
267 3516 342 3559 cum
366 3518 427 3561 eo:
458 3506 491 3559 et
514 3498 574 3559 erit
589 3497 623 3558 in
646 3497 699 3559 die
715 3496 771 3559 illa
822 3497 856 3559 in
872 3497 924 3560 elie
937 3497 1146 3560 animarum:
1169 3506 1200 3558 et
1221 3496 1255 3558 in
1276 3495 1415 3559 domini·

179 3585 240 3647 lux
257 3605 384 3666 magna.
430 3583 583 3648 Alleluia.
634 3584 771 3659 llEcce
822 3585 867 3647 cis
881 3585 992 3647 diebus
1006 3585 1132 3666 quaudo
1148 3594 1320 3647 nocturnus
1335 3583 1413 3646 elici-

180 3673 353 3755 apparebit
369 3673 522 3737 dominus
537 3693 636 3755 super
651 3673 771 3736 nubem
823 3684 880 3736 tur
901 3674 948 3734 ael
968 3673 1156 3736 matutinas.
1201 3673 1232 3735 A
1251 3693 1326 3734 cena
1342 3693 1414 3734 vero

180 3761 366 3824 candidam.
411 3762 457 3824 Et
480 3781 554 3824 cum
579 3782 618 3824 eo
643 3771 772 3825 sancto·
822 3761 949 3826 domini
962 3782 1061 3842 nsque
1083 3763 1130 3823 ad
1144 3770 1289 3823 octavam
1298 3760 1416 3842 pasclce

179 3870 253 3912 rum
270 3850 366 3912 milia.
649 3849 771 3913 Oratio.
822 3850 985 3913 omittitur
1006 3871 1076 3911 curn
1096 3849 1240 3929 psalmo⁵
1269 3848 1415 3930 Quicun-

185 3937 440 4070 Conscientias
502 3946 631 4000 nostras
693 3959 771 4019 que·
823 3958 895 4020 que.
940 3938 1073 4000 Psalmi
1092 3937 1189 3999 etiarn
1210 3936 1268 4018 qui
1281 3957 1415 4017 sequun-

282 4046 395 4089 sumus
432 4026 566 4088 domine
607 4027 772 4089 visitando
824 4037 881 4089 tur
894 4025 942 4088 ael
953 4027 1082 4089 tertiam
1104 4036 1225 4088 sentam
1242 4035 1272 4087 et
1294 4045 1412 4087 nonaru

177 4114 333 4196 purifica:
357 4124 394 4177 ut
403 4117 537 4177 veniens
552 4116 647 4196 Jesus
665 4115 773 4179 Chn's·
823 4115 978 4177 dicuntur
1004 4115 1053 4177 ad
1073 4115 1170 4177 leoras
1195 4113 1336 4194 quotidie
1356 4123 1419 4194 per

280 4332 286 4360 ¹
299 4331 492 4393 prostrationes:
509 4331 542 4379 E.
549 4330 579 4379 G.
874 4331 883 4358 ⁴
900 4329 1002 4381 aventi:
1022 4329 1050 4381 G.

278 4398 288 4426 ²
303 4396 372 4460 kyrie
383 4396 486 4445 eleison:
503 4396 599 4447 Christe
611 4396 720 4447 eleison:
739 4398 769 4448 G.
872 4399 882 4426 ³
895 4403 942 4458 pro
956 4400 1026 4446 ‘curu
1037 4395 1149 4461 psolrno'
1172 4402 1272 4444 tuntum
1285 4395 1417 4459 psnlrnus:

278 4465 288 4492 ³
299 4470 347 4525 pro
361 4463 446 4511 ‘cum’
458 4465 502 4511 in:
518 4464 552 4512 E.
834 4463 867 4510 E.
874 4463 950 4512 G.W.
