3014 5032
599 245 651 345 ΙΙΝ
671 289 888 347 PASSIONE.

388 397 463 453 357
1026 396 1104 453 358

121 506 190 562 tate
221 499 437 568 famulatum:
472 512 509 567 ut
539 503 572 565 in
603 502 719 566 diebus
769 504 889 586 quibus
906 502 1060 567 fiduciam
1078 501 1240 584 sperande
1265 501 1370 583 pieta.

121 589 242 651 nostris
276 599 310 652 et
348 592 466 654 merito
510 600 544 655 et
582 611 719 653 numero
769 593 812 653 tis
844 591 1021 673 indulges:
1052 600 1208 653 consuete
1246 590 1371 653 miseri-

120 677 263 758 populus
290 678 350 740 tibi
377 679 521 743 serviens
550 688 719 760 augeatur.
768 681 881 742 cordie
896 680 1002 741 tribue
1023 679 1185 760 benignus
1204 677 1368 742 eflectum.

122 764 183 826 Per
198 765 380 830 dominum.
770 767 832 829 Per
847 767 1027 830 dominum.

569 855 675 919 Lectio
688 855 719 936 j.
770 860 802 932 (s
825 854 924 917 Ferro
939 855 1062 937 qui'ata.
1225 852 1331 916 Lectio
1338 853 1368 934 j.

195 903 312 1004 tdixit
328 941 482 1005 dominus
505 943 547 1005 ad
566 964 637 1007 me:
666 943 718 1005 Tu
768 943 944 1072 Audite
958 943 1095 1006 verbum
1109 941 1234 1004 domini
1248 941 1368 1003 domus

194 1048 273 1109 ergo
293 1031 427 1111 accinge
448 1031 579 1094 lumbos
594 1040 670 1094 tuos
686 1040 719 1093 et
849 1030 963 1111 jacob:
979 1040 1013 1093 et
1023 1050 1139 1092 omnes
1153 1030 1367 1109 cognationes

120 1135 236 1197 surge:
261 1126 295 1179 et
311 1116 444 1198 loquere
467 1118 509 1180 ad
530 1139 586 1180 eos
607 1119 719 1180 omnia
768 1118 888 1180 domus
909 1119 1014 1182 israel.
1068 1118 1142 1181 Hec
1165 1117 1245 1180 dicit
1261 1117 1368 1180 domi-

121 1223 185 1284 que
208 1224 272 1284 ego
295 1206 439 1287 precipio
462 1207 531 1269 tibi.
584 1208 636 1269 Ne
656 1206 719 1268 for·
769 1225 856 1270 nus:
896 1206 986 1288 Quid
1026 1206 1221 1268 invenerunt
1257 1204 1396 1285 patres

121 1290 363 1355 midesafacie
383 1313 516 1357 eorum:
546 1314 606 1357 nec
630 1295 718 1357 enim
768 1295 868 1356 vestri
899 1295 931 1356 in
964 1315 1017 1357 me
1048 1294 1252 1374 iniquitatis:
1289 1293 1368 1373 quia

120 1380 238 1441 timere
254 1389 287 1443 te
303 1380 423 1443 faciam
439 1382 568 1445 vultum
596 1403 718 1446 eorum.
769 1380 1007 1463 elongaverunt
1030 1403 1050 1444 a
1075 1402 1128 1442 me
1161 1389 1195 1442 et
1218 1380 1367 1442 ambula-

123 1467 197 1529 Hec
213 1468 301 1531 dicit.
562 1470 719 1570 Leetz'oij.
768 1479 886 1531 verunt
909 1479 985 1551 post
1007 1471 1212 1531 vanitatem:
1236 1467 1367 1531 etvani

119 1556 273 1706 Ego
254 1556 377 1638 quippe
402 1556 478 1620 dedi
501 1566 535 1620 te
562 1556 717 1708 hoditel'n
685 1578 719 1620 τη
768 1557 844 1619 fact‘
822 1567 846 1619 tr
862 1566 947 1620 sunt.
926 1558 1069 1619 tHec
1084 1557 1164 1619 dicit
1177 1556 1339 1618 dominus

196 1665 257 1705 crvr
260 1653 364 1707 tatem
397 1655 579 1709 muniam
846 1656 939 1708 tnon
952 1644 1109 1707 dixerunt
1121 1645 1177 1705 ubi
1201 1640 1367 1726 [Lectioij.

119 1730 308 1794 columnam
333 1732 493 1799 ferream:
527 1744 561 1797 et
588 1735 621 1796 in
647 1754 718 1796 mu·
844 1742 893 1795 est
880 1734 1086 1796 tdominus:
1111 1733 1167 1812 qui
1191 1730 1368 1794 ascendere

120 1839 191 1880 rum
220 1841 338 1882 eneum
367 1842 464 1902 super
493 1842 626 1884 omnem
652 1831 717 1884 t-er
767 1841 828 1883 nos
858 1823 935 1884 fecit
962 1822 1004 1883 de
1026 1830 1112 1884 terra
1133 1821 1257 1901 egypti
1304 1819 1368 1881 Et²

119 1927 190 1970 ram
229 1909 401 1990 regibus]
397 1910 474 1971 'uda
515 1911 716 1991 principibus
767 1909 903 1990 quislt
890 1909 1081 1972 transduxit
1111 1908 1198 1970 vos³
1222 1927 1281 1988 per
1310 1907 1368 1969 de-

119 1995 190 2075 ejus
217 2005 251 2058 et
275 1998 426 2060 sacerdot
428 1998 521 2062 ibus:
561 2007 595 2060 et
626 1999 717 2061 omni
768 2006 891 2060 sertum
904 2018 963 2078 per
979 2006 1100 2059 terram
1117 1994 1367 2057 inhabitabilem

119 2084 242 2163 populo
259 2093 352 2148 terre.
545 2086 651 2148 Lectio
667 2086 717 2167 iij.
767 2094 801 2148 et
828 2086 950 2148 inviam
976 2106 1035 2166 per
1062 2094 1182 2147 terram
1210 2084 1303 2146 sitis:
1334 2092 1369 2146 et

195 2171 396 2236 tbellabunt
416 2172 590 2236 adversum
607 2182 660 2237 te:
684 2182 718 2236 et
769 2173 948 2255 imaginem
981 2173 1115 2236 mortis:
1158 2192 1216 2253 per
1246 2180 1368 2233 terram

194 2280 261 2321 non
293 2260 528 2341 prevalebunt:
561 2263 639 2342 quia
669 2270 717 2325 te·
768 2263 802 2324 in
818 2282 884 2342 qua
900 2282 965 2324 non
979 2260 1161 2322 ambulavit
1176 2260 1368 2339 virzneque

118 2365 193 2408 cum
226 2368 290 2428 ego
320 2369 393 2410 sum
417 2350 464 2412 ait
495 2350 650 2412 dominus
681 2358 717 2412 ut
767 2348 930 2412 habitavit
945 2349 1055 2411 homo,
1194 2348 1303 2409 Lectio
1320 2346 1368 2430 iij.

119 2433 255 2498 liberem
301 2446 343 2498 te.
402 2437 447 2499 Et
493 2436 617 2499 sactum
667 2446 717 2500 est
842 2437 1083 2500 tinduxitvos
1107 2436 1139 2497 in
1161 2445 1281 2498 terram
1298 2455 1369 2497 car-

118 2523 255 2586 verbum
279 2523 406 2586 domini
433 2524 475 2586 ad
502 2545 555 2587 me
581 2526 716 2588 dicens:
843 2525 939 2588 meli:
973 2533 1009 2588 ut
1035 2523 1253 2586 comederetis
1284 2522 1369 2593 lruc·

119 2610 215 2673 Vade
268 2622 301 2674 et
347 2612 454 2675 clama
499 2614 532 2674 in
584 2614 716 2675 auribus
767 2620 838 2675 tum
871 2613 941 2692 ejus
973 2622 1006 2675 et
1033 2613 1160 2693 optima
1192 2610 1298 2673 illius:
1334 2619 1368 2672 et

117 2696 315 2762 hierusalem
341 2700 475 2763 dicens:
510 2701 584 2763 Hec
615 2700 715 2763 dicit¹
767 2701 904 2781 ingressi
942 2698 1195 2763 contaminastis
1246 2707 1367 2760 terram

118 2786 292 2851 dominus:
318 2789 523 2850 Recordatus'
547 2809 620 2850 sum
646 2789 716 2852 tui:
768 2809 877 2850 meam
920 2798 953 2851 et
993 2788 1214 2850 hereditatem
1246 2805 1367 2848 meam

118 2875 277 2937 miserans
315 2874 573 2939 adolescentiam
613 2885 716 2939 tuam.
767 2877 923 2958 posuistis
948 2877 981 2938 in
1003 2876 1294 2937 abominationem.
1324 2875 1367 2936 Ia

117 2962 159 3024 Ia
184 2984 309 3043 evange.
336 2973 388 3027 aa.
436 2964 525 3028 Oves
556 2985 629 3026 mee
659 2985 717 3026 vo·
766 2985 893 3044 evange.
910 2972 962 3028 aa.
1006 2964 1168 3044 Magister
1182 2963 1263 3025 dicit
1283 2970 1367 3023 tem·

117 3070 190 3112 cem
222 3071 332 3113 meam
373 3053 537 3116 audiunt:
580 3062 614 3114 et
653 3072 716 3133 ego
767 3073 829 3133 pus
861 3073 972 3115 meum
998 3072 1100 3133 prope
1133 3059 1183 3113 est
1214 3048 1302 3130 apud
1334 3057 1368 3112 te

118 3138 272 3215 dominus
288 3160 433 3221 agnosco
448 3161 513 3203 eas.
537 3149 587 3221 pi.
612 3141 716 3202 Bene·
767 3140 852 3202 facio
866 3139 988 3221 pascha
1002 3161 1076 3203 cum
1090 3137 1259 3219 discipulis
1277 3138 1368 3200 meis,

117 3226 234 3289 dictus.
593 3228 715 3291 Oratio.
759 3237 808 3310 ps‘.
833 3229 1041 3304 Benedictus,
1245 3225 1367 3288 Oratio.

116 3313 371 3446 sanctificato
393 3314 456 3377 hoc
479 3314 607 3396 jejunio
634 3316 716 3378 deus
766 3318 929 3444 presta
952 3335 1132 3396 quesumus
1156 3315 1366 3395 omnipotens

184 3411 316 3464 tuorum
333 3404 433 3465 corda
450 3403 596 3465 fidelium
619 3405 716 3466 mise·
843 3406 950 3468 deus:
989 3413 1025 3466 ut
1064 3403 1210 3484 dignitas
1252 3400 1367 3464 condi-

116 3498 205 3552 rator
229 3490 376 3554 illustra:
409 3501 443 3553 et
473 3492 592 3572 quibus
616 3493 716 3555 devo·
767 3493 866 3555 tionis
889 3491 1034 3554 humane
1059 3511 1118 3573 per
1145 3486 1367 3552 immoderan-

116 3577 215 3639 tionis
254 3587 381 3659 prestas
418 3580 574 3643 affectum
615 3581 716 3661 prebe
768 3582 849 3643 tiam
869 3581 1036 3643 sauciata:
1060 3579 1265 3641 medicinalis
1291 3597 1367 3659 par-

116 3665 378 3746 supplieantibus
417 3668 508 3748 pium
553 3667 716 3749 benignus
768 3669 908 3731 simonie
924 3669 1035 3732 studio
1051 3667 1252 3729 reformetur.
1305 3666 1368 3727 Per

116 3755 277 3817 auditum.
326 3755 388 3817 Per
425 3756 607 3818 dominum.
658 3757 720 3818 Ad
768 3755 950 3819 dominum.
988 3755 1206 3836 Advesperas
1226 3755 1366 3816 inevoa.

116 3852 261 3922 vesperas
296 3841 329 3904 io
352 3864 476 3923 arrange.
501 3852 553 3906 aa.
607 3843 715 3906 Multa
767 3853 819 3907 aa.
867 3845 1042 3907 Desiderio
1076 3841 1260 3905 desideravi
1304 3839 1367 3903 hoc

115 3929 204 3991 bona
220 3951 320 4012 opera
336 3940 490 4012 operatus
512 3952 585 3993 sum
601 3932 715 3995 vobis:
767 3932 893 4013 pascha
944 3931 1144 3995 manducare
1194 3928 1366 3991 vobiscum

117 4028 252 4098 propter
287 4020 376 4101 quod
415 4040 498 4101 opus
528 4018 629 4082 vultis
662 4040 715 4083 me
768 4030 949 4102 antequam
976 4019 1109 4102 ρηείητ.ὕ
1152 4026 1202 4098 ps'.
1235 4017 1368 4097 Magni-

116 4106 277 4169 occidere.
308 4117 357 4188 pt.
384 4106 587 4189 Magnificat.
641 4108 713 4172 Oro.
769 4108 854 4171 ficat.
1243 4103 1367 4168 Oratio.

200 4194 294 4257 desto
317 4196 613 4278 supplicationibus
639 4216 715 4259 nos·
767 4200 893 4330 Esto
920 4215 1099 4279 quesumus
1131 4192 1266 4257 domine
1292 4213 1367 4274 pro-

200 4285 258 4346 tris
288 4285 498 4366 omnipotens
534 4284 637 4348 deus:
682 4294 715 4349 et
841 4286 941 4368 pitius
957 4284 1045 4367 plebi
1061 4293 1143 4346 tue:
1173 4291 1210 4346 ut
1226 4301 1290 4365 que
1306 4281 1366 4346 tibi

199 4424 206 4453 ¹
224 4424 304 4474 dixit:
322 4424 352 4473 E.
862 4422 872 4451 ¹
888 4438 934 4486 pro
948 4421 1024 4470 ‘vos’
1037 4436 1097 4470 nos:
1116 4421 1193 4469 (tw.

200 4492 210 4520 ²
228 4490 282 4539 ‘et'
295 4506 359 4539 om:
378 4489 488 4538 E.G.W.
527 4488 611 4553 ‘qui'z
630 4488 741 4539 how,
862 4488 1003 4566 ⁴induxit:
1022 4487 1062 4535 W.
1141 4490 1150 4516 ⁵
1168 4487 1264 4550 patiar:
1282 4484 1348 4534 ΕΟ.
