3014 5032
597 294 805 350 DOMINICA

364 405 407 460 19
1002 405 1054 460 20

91 532 156 595 que
190 509 375 576 credidisti:
407 508 616 592 perficientur
649 510 682 571 in
732 508 858 592 quando
873 507 1010 572 lristoria
1023 509 1195 592 ferialiter
1214 509 1330 593 iucipi-

91 612 125 665 te
140 622 203 682 que
221 601 310 663 dicta
330 609 407 662 sunt
426 598 486 662 tibi
502 619 522 662 a
536 598 681 661 domino.
732 607 795 661 tur.
841 597 886 661 Si
910 608 1017 661 autem
1046 599 1181 680 aliquod
1198 599 1328 680 festum

91 689 245 753 Alleluia
291 687 473 752 Versiculus
486 696 517 748 et
530 687 632 749 oratio
647 695 685 748 ut
732 685 869 749 evenerit
882 697 945 766 per
964 687 1140 750 aduentum
1163 687 1198 749 in
1217 687 1329 752 diebus

91 787 198 858 supra.
246 774 488 857 Complatorium
504 794 565 836 non
578 784 684 837 muto·
725 774 926 856 ferialibus:
949 773 1160 838 nileilominus
1180 787 1328 839 servetur

93 875 150 928 tur
163 885 260 946 usque
273 864 321 926 ael
333 863 538 926 nativitatem
560 862 686 925 domini
732 863 808 925 ordo
835 863 1101 944 responsoriorum
1123 864 1329 928 dominicales

92 953 236 1033 exceptis¹
260 953 348 1033 festo
371 949 574 1033 conceptionis
599 950 684 1013 beate
731 950 886 1014 historie:
910 951 958 1013 ito
982 952 1069 1033 quod
1089 952 1218 1014 nullum
1233 953 1328 1015 omit-

92 1041 248 1122 virgines:
278 1050 309 1103 et
337 1038 683 1102 commemorationibus
732 1048 870 1102 tutaret
882 1039 992 1102 lrocsit
1000 1041 1329 1121 generalepertotum

89 1130 236 1212 es’uselem.
733 1148 856 1189 annum
869 1150 881 1190 .·
903 1127 971 1189 nisi
984 1127 1019 1189 in
1033 1127 1136 1209 seriis
1150 1137 1228 1209 post
1245 1138 1329 1192 octa·

93 1217 245 1296 (IFerio
255 1212 538 1300 ij.‘lnvitatorium
554 1216 681 1296 Regem
733 1237 793 1278 vus
826 1215 990 1297 epe'qtleonie
1019 1237 1118 1297 usqne
1149 1216 1197 1279 ad
1224 1227 1335 1298 septu->

90 1316 264 1370 venturum
281 1306 452 1368 dominum
468 1304 588 1367 Venite
603 1306 683 1366 ado·
733 1304 912 1385 agesimam
932 1303 990 1366 nli
1013 1303 1173 1366 leabmtnr
1202 1316 1328 1386 respon·
1393 1306 1395 1343 ³

91 1416 206 1458 remus,
246 1403 295 1476 pt.
312 1393 440 1457 Venite.
485 1391 584 1453 Istud
598 1391 683 1453 invi·
731 1392 820 1454 soria
848 1391 991 1473 ferialia
1026 1392 1162 1474 propria
1198 1393 1329 1457 cuilibet

90 1483 245 1546 latorium
256 1479 500 1543 dicaturelielus
506 1479 684 1558 ferialibus
725 1479 821 1561 ferie.
1171 1480 1281 1545 Lectio
1293 1482 1326 1564 ij.

91 1593 189 1654 usque
202 1571 250 1632 ad
262 1568 412 1649 vigiliam
428 1567 614 1630 nativitatis
628 1568 683 1630 do·
732 1572 820 1700 Et
850 1567 1095 1651 derelinquetur
1134 1567 1202 1632 filia
1241 1591 1326 1651 syon

91 1659 199 1721 mini:
212 1658 339 1739 quando
353 1657 393 1718 ele
405 1657 545 1718 adomtu
561 1656 681 1736 agitur.
806 1665 842 1719 ut
872 1657 1098 1720 umbraculum
1138 1657 1173 1719 in
1208 1658 1326 1722 vineat

90 1748 252 1827 Hymnus.
308 1744 456 1808 Verbum
494 1764 680 1826 supernum.
733 1754 765 1808 et
796 1746 880 1808 sicut
911 1746 1077 1827 tugurium
1109 1745 1141 1809 in
1173 1765 1327 1810 cucume-

89 1835 157 1898 An.
182 1834 346 1898 Dominus
362 1833 520 1895 defensor.
537 1842 587 1914 pi.
612 1833 681 1895 Do·
732 1833 824 1897 rario.
887 1833 980 1897 Sicut
1011 1834 1126 1896 civitas
1156 1854 1222 1915 que
1253 1856 1326 1898 vas-

91 1923 200 1985 minus
231 1921 427 1985 illuminatio
464 1941 535 1982 cum
573 1920 682 1983 ceteris
732 1930 828 1985 tatur.
889 1922 962 1984 Nisi
1003 1922 1157 1985 dominus
1198 1925 1326 1986 exerci-

89 2011 273 2092 ontiplzom's
302 2018 333 2071 et
355 2009 495 2090 psalmis
516 2018 616 2090 prout
646 2009 681 2070 in
730 2019 825 2072 tuum
856 2008 1039 2091 reliquisset
1070 2010 1164 2073 nobis
1191 2031 1325 2076 semen:

83 2097 450 2181 psalterioordinantur.
488 2094 585 2170 tlEx
598 2118 681 2178 syon
731 2098 825 2180 quasi
868 2098 1006 2161 sodoma
1048 2097 1247 2163 fuissemus:
1293 2109 1327 2163 et

89 2188 236 2270 species2
539 2185 646 2247 Lectio
650 2186 682 2268 j.
732 2187 826 2268 quasi
841 2207 994 2267 gomorra
1008 2187 1132 2250 similes
1147 2207 1303 2252 essemus

99 2275 269 2407 Vulnus
296 2283 330 2337 et
350 2273 432 2336 livor
454 2280 487 2336 et
509 2273 608 2355 plaga
630 2283 682 2336 tu·
732 2276 906 2406 Audite
926 2274 1063 2338 verbum
1143 2275 1265 2358 [Lectio
1277 2276 1324 2359 iij.

159 2384 251 2426 mens
273 2371 411 2425 nonest
434 2363 681 2442 circumligata:
815 2363 940 2426 domini
976 2364 1139 2445 principes
1170 2365 1325 2428 sodomo·
1353 2369 1356 2374 ’

89 2472 150 2515 nec
179 2461 292 2514 curata
328 2450 544 2514 medicamine
575 2470 683 2532 neque
732 2471 830 2515 rum:
868 2451 999 2514 auribus
1030 2452 1186 2534 percipite
1217 2451 1325 2534 legem

89 2541 158 2603 sota
174 2539 255 2603 ole0.
294 2539 396 2602 Terra
410 2547 518 2601 vestra
533 2538 681 2601 deserta:
733 2540 786 2602 dei
834 2540 933 2602 vestri
976 2539 1118 2621 populus
1163 2560 1325 2622 gomorre.

89 2629 239 2691 civitates
269 2637 375 2691 vestre
405 2646 560 2690 succense
591 2627 681 2708 igni:
734 2626 810 2708 Quo
840 2627 920 2690 mihi
959 2629 1202 2691 multitudinem
1233 2630 1327 2692 victi-

90 2717 256 2798 regionem
281 2725 423 2778 vestram
449 2735 558 2779 coram
589 2715 682 2778 vobis
734 2737 860 2779 marum
873 2725 1054 2779 vestrarum
1065 2717 1142 2779 dicit
1151 2717 1326 2782 dominus:

90 2806 187 2869 alieni
214 2806 392 2868 devorant:
423 2812 456 2866 et
481 2804 682 2867 desolabitur
733 2805 849 2887 plenus
865 2825 937 2867 sum
950 2804 1155 2869 Holocausta
1166 2805 1327 2870 arietum:

88 2895 173 2958 sicut
203 2894 236 2956 in
258 2894 412 2956 vastitate
434 2891 552 2956 hostili.
609 2893 683 2956 Hec
733 2902 767 2956 et
782 2894 913 2975 adipem
930 2894 1120 2975 pinguium:
1145 2902 1178 2956 et
1193 2895 1328 2976 sangui-

91 2984 178 3047 dicit.
213 2982 348 3061 Quando
363 2990 470 3044 autem
485 2981 682 3061 responsoria
732 3003 809 3045 nem
839 2981 1016 3044 vitulorum
1043 2991 1076 3045 et
1106 3002 1267 3062 agnorum
1293 2991 1328 3046 et

88 3080 266 3153 sequuntur
288 3091 407 3132 nonum
436 3069 683 3150 Responsorium
733 3069 896 3132 hircorum
920 3069 1017 3133 nolui.
1068 3070 1094 3146 t
1117 3070 1246 3133 Emitte
1268 3091 1328 3153 ag-

90 3160 130 3221 ele
143 3159 254 3239 aliqua
267 3157 427 3220 leistoria:
449 3157 532 3219 sicut
545 3157 684 3238 Respon-
734 3178 822 3221 num.
889 3157 951 3220 Aa
990 3158 1101 3220 londes
1141 3158 1326 3238 antiplona.

91 3247 214 3308 sarium
231 3246 416 3326 Erumpant
432 3244 489 3307 illo
505 3265 564 3325 que
577 3255 684 3325 super·
735 3246 890 3308 Miserere
907 3247 979 3309 mei.
1003 3255 1053 3326 pi.
1079 3247 1202 3328 Ipsum.
1224 3257 1328 3310 cetera

90 3343 168 3396 sunt
182 3353 301 3398 nonum
323 3333 432 3394 debent
445 3331 543 3413 prius
562 3331 628 3394 dici
649 3332 683 3394 in
733 3333 819 3395 utin
828 3334 995 3414 psalterio.
1130 3334 1326 3416 Capitulum.

83 3422 185 3505 feria
218 3429 328 3502 postea
366 3419 542 3501 incipiatur
581 3441 602 3482 a
638 3441 684 3482 se·
807 3441 863 3485 cce
888 3422 957 3485 dies
980 3421 1136 3486 veniunt:
1164 3423 1244 3486 dicit
1267 3425 1330 3488 do-

92 3510 193 3573 cundo
223 3508 414 3590 responsorio
442 3507 581 3572 leistorie.
628 3508 684 3572 Si·
808 3511 933 3574 minus:
977 3519 1010 3574 et
1034 3511 1199 3574 suscitabo
1226 3512 1328 3576 david

93 3599 215 3661 militer
227 3598 296 3681 fiat
311 3597 344 3659 si
365 3605 493 3659 tantum
516 3618 616 3659 unum
638 3618 684 3659 se·
733 3618 867 3680 germen
878 3599 1023 3679 justum:
1039 3607 1072 3661 et
1085 3600 1235 3681 regnabit
1248 3621 1329 3666 rex:

92 3696 214 3769 quatur
234 3695 265 3749 et
278 3695 388 3767 postea
409 3684 562 3748 dicantur
575 3685 684 3748 omnr'a
734 3696 768 3749 et
792 3687 922 3768 sapiens
946 3688 1024 3750 erit:
1057 3696 1090 3750 et
1114 3688 1211 3751 faciet
1238 3688 1331 3770 judi-

94 3775 163 3838 alia
185 3773 382 3856 responsorio
403 3774 574 3837 secundum
598 3774 685 3835 oreli-
735 3774 821 3838 cium
838 3783 871 3837 et
883 3775 1047 3855 justitiam
1063 3776 1096 3837 in
1117 3785 1210 3840 terra.
1256 3777 1332 3840 Hoc

95 3884 166 3925 nem
179 3886 191 3926 .·
220 3863 252 3925 si
271 3874 348 3944 opus
362 3861 478 3943 fuerit.
521 3862 575 3924 De
595 3862 686 3925 nullo
735 3863 910 3943 capitulum
925 3862 1055 3926 dicotur
1076 3863 1110 3925 in
1125 3864 1235 3927 diebus
1250 3875 1329 3946 pro-

94 3962 202 4015 autem
216 3951 352 4014 lcistorio
374 3958 526 4012 cantatur
545 3950 579 4012 in
593 3951 686 4031 feria
730 3951 830 4033 festis
845 3950 970 4033 quando
984 3952 1024 4014 ele
1037 3953 1175 4015 adventu
1190 3953 1307 4033 agitur
1316 3977 1329 4017 .·

87 4041 235 4122 prinrum
272 4039 519 4119 Responsorium
556 4038 623 4101 nisi
650 4040 690 4102 de
738 4061 836 4120 usque
849 4039 896 4102 ad
907 4040 1057 4121 vigiliam
1073 4041 1260 4103 nativitatis
1274 4042 1330 4105 do-

95 4129 232 4192 historio
259 4128 345 4190 Ecce
370 4147 456 4190 nunc
485 4135 624 4209 tempus.
653 4127 687 4190 in
738 4127 829 4190 mini.
874 4128 916 4190 ln
934 4128 1096 4210 evangelio
1116 4139 1168 4193 ari.
1213 4128 1331 4212 Ange-

94 4218 134 4280 nl.
144 4226 245 4297 prout
259 4215 306 4279 ibi
320 4215 506 4282 invenietur.
551 4217 602 4279 Et
624 4215 691 4279 nesi
739 4216 790 4279 lus
816 4216 940 4279 domini
967 4218 1132 4280 nunciavit
1152 4219 1271 4282 marle:
1296 4230 1331 4284 et

127 4430 134 4459 ¹
151 4435 258 4494 excepto:
274 4428 307 4476 E.
315 4427 343 4477 G.
765 4429 775 4457 ²
794 4433 837 4476 ‘at
849 4430 880 4490 (et
893 4429 921 4477 G.
941 4429 989 4490 W.)
1003 4430 1102 4478 dicatur
1112 4430 1219 4495 inferiis
1230 4437 1278 4494 per
1287 4435 1331 4481 ad-

732 4495 845 4544 uentum’
857 4495 920 4543 add:
938 4496 970 4544 E.
978 4496 1005 4544 G.
1014 4496 1051 4545 W.
